2844 4888
492 571 772 642 PRAEFATIO

401 787 656 854 surrrours
686 789 878 852 TERTIAE
1006 783 1010 792 ’
1107 755 1109 762 ’

510 1007 777 1085 LECTORI

597 1237 625 1294 S.
641 1236 680 1292 D.

300 1438 361 1570 vc.
403 1429 963 1554 acnouurcurnua

471 1703 832 1730 -ss-

140 1929 259 1990 Annus
275 1924 335 1986 iera
349 1936 404 1999 est,
419 1943 509 2005 quum
524 1923 689 2006 Bibliopola
702 1925 789 2006 hujus
802 1923 892 1984 libelli
905 1923 1064 1984 editionem
1077 1939 1111 1982 se
1120 1933 1189 2002 pro·

106 2043 202 2086 serane
212 2025 288 2085 velle
301 2023 426 2104 aperuit,
437 2024 501 2082 etsi
515 2024 659 2102 quidcem
669 2021 904 2100 locupletandam
915 2021 993 2100 apud
1003 2039 1050 2079 rne
1059 2031 1146 2092 esset,
1157 2017 1189 2078 id

20 2189 21 2192 Ἴ
107 2139 200 2180 recum
217 2121 475 2192 communicarem,
490 2121 613 2199 rogavit.
655 2121 723 2179 Non
737 2137 885 2192 noveram,
901 2119 1032 2199 quisnam
1046 2119 1132 2212 hujus
1147 2117 1191 2179 rei

105 2216 188 2278 luerit
202 2231 318 2289 auctor,
332 2217 418 2277 facile
431 2229 530 2276 autem
552 2227 689 2296 reputare
709 2217 802 2296 potui,
823 2217 907 2276 istam
928 2229 988 2278 tsrn
1009 2217 1140 2297 praeclari
1156 2235 1188 2277 o.

106 2319 215 2395 puscrtli
230 2318 260 2376 in
274 2317 359 2376 terris
372 2315 479 2376 nostris
492 2315 651 2375 editionem
666 2335 724 2375 non
739 2335 825 2395 posse
839 2334 899 2375 non
913 2333 980 2376 oum
994 2315 1131 2376 studiosus
1141 2317 1190 2395 ju·

106 2415 232 2474 venturis
245 2413 401 2474 commodo
415 2431 481 2474 sese
494 2413 770 2494 conjunctissimum.
812 2413 962 2494 Conquiro
976 2433 1047 2494 ergo
1061 2413 1191 2494 undique

107 2531 142 2570 ex
155 2514 230 2572 meis
243 2511 367 2583 scriniis,
388 2529 453 2590 quae
467 2511 522 2590 ipsi
536 2512 672 2590 augendo
686 2513 902 2586 conducebant,
924 2511 1036 2591 aliquos
1049 2523 1193 2591 praeterea

107 2609 196 2670 bonos
216 2610 374 2688 scriptores
393 2609 473 2668 boris
494 2608 656 2670 succisairis
676 2609 856 2689 pervolvens.
908 2609 951 2669 Et
971 2627 1008 2668 ex
1030 2609 1075 2669 bis
1096 2608 1192 2689 operis

105 2720 178 2768 nats
193 2717 264 2766 sunt
282 2707 346 2766 istie
366 2705 594 2779 observationes,
616 2725 688 2787 quas
707 2706 777 2767 huic
800 2724 883 2767 nosse
904 2706 1025 2767 editioni
1045 2708 1193 2788 subiectas

106 2805 192 2866 vides.
235 2805 354 2864 luteres
368 2823 450 2876 vero,
470 2805 541 2864 dum
562 2823 612 2864 ess
632 2825 772 2883 congero,
792 2805 907 2885 placuit
924 2804 1085 2865 amicorum
1105 2823 1193 2865 suasu

107 2902 143 2962 ad
157 2901 390 2962 celeberrimum
407 2902 493 2981 hujus
514 2901 580 2962 libri
602 2905 765 2964 Auctorem
785 2903 897 2963 litteras
917 2922 1049 2976 exarare,
1070 2923 1109 2963 ne
1129 2904 1193 2984 ipso

108 2997 192 3078 plene
206 2999 307 3058 nescio
328 2999 503 3078 opusculum
523 3000 581 3060 hoc
601 3001 680 3080 apud
702 3019 755 3060 nos
775 3000 983 3060 excuderetur.
1024 3003 1193 3080 Antequam

108 3114 176 3156 sero
189 3097 228 3157 ab
242 3097 305 3175 ipso
320 3097 478 3178 quidquam
492 3097 623 3177 responsi
643 3097 760 3170 ferrem,
781 3117 819 3157 en
832 3115 908 3158 nova
920 3097 1010 3157 libelli
1024 3098 1062 3157 ad
1075 3117 1129 3157 nos
1142 3099 1193 3158 ad·

108 3192 200 3254 fertur
214 3193 317 3266 editio,
339 3195 376 3254 ab
390 3194 453 3274 ipso
468 3197 603 3256 Auctore
617 3207 782 3275 procurata.
824 3195 914 3256 Hanc
927 3195 1016 3255 eriam
1030 3197 1195 3256 subsecutae

108 3305 175 3354 sunt
186 3292 265 3352 illius
278 3292 394 3366 litterae,
409 3313 475 3373 quae
488 3293 519 3352 id
532 3304 648 3353 teststae
661 3304 739 3366 sunt,
754 3313 814 3353 non
829 3292 986 3353 admodum
1000 3305 1116 3373 gratum
1129 3293 1195 3354 fore

108 3399 170 3450 tum
185 3390 322 3462 Auctori,
338 3401 401 3450 tum
416 3389 641 3470 Frauequersno
654 3389 830 3470 bibliopola,
844 3391 869 3452 si
882 3411 958 3452 nova
971 3393 1073 3466 editio,
1087 3403 1117 3452 et
1128 3411 1195 3472 quae

111 3487 221 3566 prelum
236 3505 377 3546 exercere
389 3485 440 3544 vix
454 3487 589 3560 desierat,
610 3487 688 3566 apud
702 3506 756 3547 nos
769 3489 968 3550 recuderetur.
1012 3491 1079 3550 Nec
1095 3501 1194 3552 mmeu
1302 3551 1307 3560 ,

44 3613 47 3624 ·
110 3598 182 3659 erat,
203 3584 284 3664 quod
300 3604 355 3644 uos
375 3605 399 3648 a,
412 3596 512 3645 nostro
527 3584 676 3665 proposito
689 3584 849 3664 quidquam
862 3587 1025 3647 absterrere
1039 3588 1191 3669 potuisset.

111 3681 223 3742 Notum
242 3683 331 3754 enim,
352 3683 479 3762 priorem
500 3683 586 3764 hujus
606 3680 696 3741 libelli
717 3681 875 3742 editionem
895 3683 925 3742 in
945 3684 990 3744 his
1010 3685 1117 3744 nostris
1137 3687 1196 3747 oris

112 3790 169 3840 tam
181 3781 272 3842 subse
286 3799 391 3854 raram,
414 3793 447 3841 ut
466 3781 646 3861 paucissimis
660 3799 724 3840 earn
739 3781 785 3839 vel
798 3780 898 3841 videre
911 3781 1014 3842 saltem
1029 3783 1196 3864 contigerit.

113 3880 209 3944 Quum
223 3899 293 3938 uero
308 3897 325 3938 e
338 3899 370 3938 re
385 3879 522 3938 studiose
532 3878 694 3960 juventutis
709 3878 809 3958 utique
823 3879 871 3951 sit,
892 3879 964 3940 tales
983 3881 1038 3962 ipsi
1056 3881 1146 3944 libros
1165 3885 1196 3944 in

114 3991 213 4035 munus
223 3977 298 4048 dari,
307 3995 366 4038 non
377 3975 453 4034 male
464 3976 502 4034 de
515 3975 578 4054 ipsa
590 3987 720 4035 meretur
733 3975 902 4056 bibliopola,
917 3979 996 4058 apud
1009 3999 1097 4059 quem
1110 4001 1195 4062 aequo

112 4073 178 4132 satis
191 4074 288 4154 pretio
302 4071 448 4134 sufficiens
461 4073 673 4152 exemplarium
694 4074 780 4153 copia
799 4076 908 4154 poterit
928 4077 1060 4137 inveniri.
1103 4077 1196 4138 Exhi-

113 4169 211 4230 bemus
225 4191 298 4252 ergo
312 4171 339 4230 T
340 4170 391 4243 rbi,
409 4168 522 4232 Lector
534 4171 686 4244 benevole,
707 4173 898 4250 posteriorem
912 4175 998 4255 hujus
1010 4175 1077 4235 libri
1091 4175 1195 4238 editio-

115 4285 189 4344 nem,
202 4269 261 4332 hoc
274 4271 339 4350 ipso
352 4286 429 4330 euno
449 4268 654 4350 prodeuntem,
675 4269 781 4330 nostris
801 4269 1052 4351 qualibuscunque
1072 4273 1196 4334 additio·
