2844 4888
338 221 473 300 eurem
490 233 878 307 nonoretunnuus.
1067 241 1162 301 xxm

550 523 578 598 i·
602 519 689 580 ιιιιι.

115 713 358 775 Nneti'videlioet
377 729 491 773 eramus
505 715 655 794 exemplar
675 715 823 794 quoddam
845 715 940 776 tertie
956 715 1089 776 editionis
1110 717 1161 776 El.

69 809 191 892 lipsium
212 812 384 872 Graecemm
406 810 495 885 Ennii,
516 811 546 872 in
567 815 651 890 eujus
671 813 801 891 margine
822 813 927 873 multus
947 815 1163 874 observationes

71 907 271 990 mouserot
279 907 447 989 Philologus
455 906 617 990 primarius,
626 909 853 976 B.·Christianue
861 910 1040 971 Benedictus
1049 910 1163 971 Micha-

73 1005 138 1078 elis,
151 1005 305 1066 Professor
315 1005 384 1067 olim
399 1005 569 1086 Theologioe
582 1006 710 1085 itemque
722 1007 836 1066 Graeoe
849 1018 879 1066 et
889 1007 1081 1067 Orientalium
1094 1008 1164 1066 Lin-
1268 1074 1271 1080 ,

72 1121 203 1182 ςιιιιιιιιι
216 1103 248 1161 ἱιι
261 1115 362 1164 nostru
377 1104 540 1164 Academia
553 1103 768 1164 celeberrimus.
812 1103 917 1182 Itaque
937 1116 1052 1182 gratum
1066 1103 1164 1165 multis

71 1199 181 1259 luorum
194 1201 356 1262 litterarum
370 1201 484 1281 cupidis
498 1198 604 1261 secturi
624 1201 804 1272 videbamur,
826 1203 849 1260 si
864 1202 1081 1263 observationes
1102 1203 1164 1262 illus

73 1296 141 1354 Viri
155 1296 203 1357 vel
212 1307 280 1376 post
290 1297 353 1357 foto
365 1297 557 1371 Venerabilis,
578 1298 617 1357 ud
636 1297 857 1358 illustrationem
877 1301 951 1358 seori
972 1301 1081 1360 codicis
1101 1301 1162 1362 col-

76 1396 182 1466 lectos,
195 1393 227 1451 in
239 1393 401 1474 repetendo
411 1393 539 1456 editione
552 1394 642 1455 libelli
657 1395 776 1455 Bosiuoi
791 1410 857 1454 oum
871 1392 942 1454 orbe
957 1389 1072 1457 erudito
1083 1415 1163 1458 eom.

76 1493 305 1562 munimentum,
325 1491 380 1552 ruti
394 1493 424 1552 id
445 1509 462 1552 e
481 1513 514 1552 re
537 1489 568 1551 iu
591 1487 694 1573 primis
713 1492 964 1566 soremultorum,
997 1495 1046 1574 qui
1074 1513 1164 1556 seorse

77 1588 254 1668 Pbssologire
263 1585 364 1649 studiis
375 1607 493 1670 operum
507 1591 591 1660 dunt,
605 1591 629 1649 si
642 1589 808 1670 hujusmodi
822 1590 1036 1652 secessionibus
1049 1593 1164 1654 noviter

75 1687 224 1748 meruero
233 1683 323 1747 editio
335 1684 453 1748 modico
466 1687 535 1769 ipsis
547 1687 642 1767 pretio
656 1687 852 1748 exhiberetur.

463 1895 465 1902 >
555 1886 586 1962 s.
606 1883 689 1944 xrv.

115 2075 303 2138 Instituimus
314 2085 414 2136 nutem
432 2077 465 2135 iu
484 2076 688 2139 beneditione
708 2077 895 2141 collationem
915 2076 1008 2142 sexte
1027 2081 1163 2142 editionis

76 2173 235 2256 Ellipsiuro
248 2173 419 2234 breonum
433 2173 514 2234 Bouii
528 2191 595 2234 com
606 2175 735 2236 editione
748 2178 836 2237 tertio
849 2179 1008 2258 sen'prime
1020 2178 1165 2260 Lipsiensi

77 2281 109 2331 et
121 2272 221 2352 priore
236 2269 446 2350 Sohoettgenii.
487 2271 681 2332 Romethodo
695 2273 938 2353 deprehendimus
950 2277 1085 2336 lacunam
1099 2295 1166 2356 pos·

78 2369 134 2428 sim
154 2369 258 2428 obvies
277 2369 457 2447 integrorum
486 2385 622 2429 versuum
642 2369 673 2429 in
693 2379 779 2431 textu
799 2371 890 2445 Boni,
911 2373 1057 2439 interdum
1077 2374 1166 2434 etiam

80 2465 299 2546 Soboettgenii:
319 2465 486 2528 horremus
505 2487 530 2529 s.
550 2467 704 2528 verborum
726 2467 826 2541 lineos,
850 2487 915 2551 quae
938 2469 968 2528 in
988 2463 1164 2531 editionibus
1256 2470 1259 2478 ’

79 2561 291 2636 Leimeriunis,
304 2575 393 2643 etque
412 2561 500 2624 etium
514 2565 544 2623 in
566 2564 795 2638 Schnebelioue,
817 2559 1000 2639 exciderunt,
1013 2565 1164 2648 'supplevi

81 2677 163 2732 ιιιιιις
183 2669 214 2720 et
227 2660 298 2722 ul'sts
311 2662 441 2736 modus,
455 2681 520 2742 quse
533 2661 639 2742 panim
652 2673 860 2736 remanserunt,
873 2663 1049 2725 eumulimus.

570 2790 689 2940 mxv.

121 3059 196 3118 lion
209 3067 308 3119 eutero
320 3058 351 3118 io
364 3057 462 3139 primis
476 3075 554 3118 oure
571 3057 655 3118 nobis
674 3057 741 3133 init,
762 3071 796 3119 ut
817 3069 989 3120 contextum
1004 3058 1164 3119 verborum

83 3155 172 3229 Boni,
193 3175 251 3215 neo
263 3175 324 3215 uon
346 3155 578 3216 observationum
604 3155 817 3237 Soboettgenii,
838 3157 949 3237 ubique
966 3157 1112 3235 integrum
1132 3165 1166 3215 et

84 3253 291 3324 miserentem,
305 3263 340 3312 ut
351 3271 404 3332 per
416 3263 490 3326 erut,
503 3251 700 3314 redderemus.
742 3255 798 3314 Illo
811 3253 902 3333 igitur
914 3253 1022 3326 omnis,
1043 3273 1110 3334 quse
1129 3253 1169 3314 sb

83 3350 178 3430 ulique
191 3352 353 3430 posteriore
366 3369 454 3410 menn
464 3351 494 3408 in
508 3360 680 3413 contextum
695 3351 806 3412 intruso
825 3362 919 3423 erunt,
939 3351 971 3409 in
991 3351 1167 3411 convenien-

81 3447 185 3508 tiorem
198 3449 296 3508 locum
310 3447 471 3527 rejecimus.
514 3449 589 3514 Quse
597 3449 915 3530 vero‘Soboettgenius
929 3467 967 3508 ex
978 3448 1071 3528 prime
1084 3447 1166 3507 Bosii

83 3545 209 3605 editione
222 3545 361 3616 restituit,
374 3543 537 3622 cujusmodi
550 3547 648 3617 verbu,
669 3544 755 3606 nullis
769 3546 852 3607 uncis
865 3545 987 3618 incluso,
1001 3563 1054 3605 nos
1068 3545 1097 3603 in
1114 3543 1164 3602 El·

82 3639 143 3722 lipsi
156 3643 312 3701 nominum
320 3642 436 3701 duobus
446 3639 522 3700 iocis
536 3641 792 3721 deprehendimus;
813 3661 858 3716 es,
873 3643 916 3703 uti
927 3660 1015 3722 supro
1027 3641 1165 3710 diximus,

82 3737 110 3795 in
123 3737 259 3818 omenti
273 3737 401 3798 editione
421 3757 439 3798 s
458 3738 571 3818 reliquo
594 3749 737 3800 contextu
751 3740 834 3802 uncis
860 3743 897 3822 []
924 3751 993 3800 sunt
1016 3739 1164 3812 distinete,

79 3833 280 3960 bebentque
257 3855 372 3916 mgnum
386 3837 431 3916 †'
423 3857 453 3896 ιιι
466 3838 563 3901 fronte
576 3839 739 3968 prefixum.

554 4043 582 4118 d.
606 4039 688 4100 xv1.

121 4228 235 4293 Partem
250 4233 380 4295 ultimum
393 4236 480 4316 hujus
493 4233 570 4308 libri,
583 4234 622 4295 de
632 4232 736 4314 Ellipsi
749 4232 875 4313 plurium
888 4249 1006 4308 vocum,
1020 4251 1086 4314 quoe
1099 4235 1165 4295 nul·

82 4323 115 4385 lie
135 4331 241 4406 gaudet
261 4331 355 4393 titulis
374 4331 559 4412 specialibus,
579 4331 697 4412 majoris
718 4329 933 4395 commoditatis
947 4343 977 4394 et
1003 4331 1164 4414 perspicui·
