2850 4856
253 259 312 320 iss
564 252 751 318 ELLlPSlS
779 255 1002 322 NOMINUM.

253 417 337 498 quid,
351 415 404 478 sed
418 416 495 477 varie
510 417 589 478 circa
602 418 681 479 hunc
695 419 792 478 locum
803 432 871 484 sunt
884 421 1000 482 versati.
1042 420 1179 484 Possinus
1195 419 1345 502 spicileg.

252 499 368 580 Evang.
386 519 412 558 c.
421 505 471 560 45.
485 517 512 577 p.
531 505 596 560 108.
610 499 681 560 edit.
691 499 815 560 Fabricii
826 501 977 582 ellipticam
987 507 1140 566 orationem
1150 505 1225 563 hanc
1240 513 1342 572 vocat,

252 581 314 653 sed,
329 601 394 660 quar
408 580 513 639 omissa
526 594 604 652 sunt,
620 601 677 639 non
688 582 806 642 indicat.
838 581 904 642 Non
919 605 992 664 opus
1013 598 1067 656 est,
1083 599 1116 645 ut
1135 587 1256 645 aliorum
1270 604 1346 642 sen-

253 663 359 721 tentias
374 681 495 741 operose
516 661 710 741 dispiciamus,
725 684 813 742 quum
828 663 883 722 illis
897 667 1032 726 omuibus
1055 667 1214 726 refutandis
1236 665 1344 724 charta

253 755 353 810 nostra
367 742 485 801 nimium
500 741 599 802 futura
611 743 648 802 sit
663 756 755 803 curta.
778 745 914 824 Optimus
927 743 1013 828 hujus
1027 749 1083 807 ioci
1095 767 1113 807 a
1124 750 1210 807 tantis
1219 765 1341 826 perver-

251 824 380 883 sionibus
392 823 501 883 vindex
516 826 629 884 exstitit
640 823 692 883 Vir
705 826 736 883 in
750 827 881 888 orientali
896 827 1060 889 litteratura
1072 831 1280 890 versatissimus
1297 827 1339 887 G.

251 905 288 963 E.
305 905 441 964 Edzardi.
453 905 502 984 qui
516 904 553 965 de
564 926 600 965 eo
620 907 650 964 in
665 907 741 966 notis
754 908 792 966 ad
815 919 973 968 tractatum
998 911 1202 970 Talmudicum
1226 908 1339 968 Avods

251 985 325 1046 Sara
345 1005 372 1046 c.
387 992 414 1046 2.
436 1006 465 1065 ρ.
480 990 550 1048 292.
564 1007 607 1066 sq.
628 989 742 1068 prolixe
767 999 882 1049 tractat.
926 990 1068 1050 Nimirum
1093 992 1226 1064 formula,
1249 1009 1339 1069 quam

249 1065 281 1126 io
303 1068 454 1127 Pharisaeis
473 1069 660 1148 reprehendit
682 1070 827 1140 Servatur,
849 1071 982 1131 desumto
995 1086 1039 1133 est
1060 1094 1098 1135 ex
1110 1079 1176 1156 Jure
1195 1072 1337 1140 ludaico,

250 1165 341 1229 quare
363 1167 401 1209 ex
422 1149 526 1210 eodem
540 1163 570 1210 et
591 1150 759 1212 illustranda
780 1153 846 1224 erit,
861 1164 890 1213 et
911 1155 1081 1234 supplenda.
1124 1155 1217 1216 Nose
1237 1152 1340 1211 multis

251 1229 313 1289 aliis
333 1231 405 1290 locis
419 1251 437 1289 a
450 1231 567 1291 laudato
583 1231 719 1292 Edznrdo
733 1231 867 1293 adductis
881 1254 970 1292 unum
985 1237 1087 1296 saltem
1102 1237 1274 1296 adducimus
1295 1252 1336 1292 ex

171 1333 230 1394 142
251 1311 357 1371 Avoda
380 1312 451 1372 Sara
470 1313 520 1372 fol.
542 1317 591 1377 27.
618 1320 642 1375 l.
664 1315 766 1374 ubisic
783 1313 973 1376 Rabbinistae:
994 1337 1064 1380 snm
1083 1326 1187 1385 auson
1207 1339 1238 1388 tn
1259 1333 1333 1376 mm

122 1421 132 1430 ·
250 1411 313 1454 uno
327 1415 383 1467 nup
395 1415 474 1464 unm
494 1394 733 1463 Traditiotnimrr
751 1391 834 1456 mum
851 1403 931 1457 rbin:
948 1413 1030 1458 mort
1048 1399 1132 1452 lasa·
1149 1398 1231 1458 urps
1243 1403 1294 1464 est,
1309 1395 1337 1454 si

250 1480 315 1562 quis
335 1475 428 1536 dicate
450 1479 508 1536 lies
521 1485 634 1536 sacrato
655 1475 725 1534 mihi
737 1477 801 1544 erit,
824 1475 963 1556 quidquid
975 1472 1107 1534 utilitatis
1127 1473 1167 1529 ad
1178 1493 1223 1532 me
1237 1483 1337 1556 posset

250 1559 412 1622 redundare
425 1579 443 1616 o
452 1558 646 1638 praeputiatis,
689 1557 708 1616 i.
722 1577 747 1618 e.
763 1559 875 1629 Voveo,
890 1575 936 1616 me
953 1556 1023 1615 nihil
1039 1552 1170 1612 utilitatis
1183 1572 1247 1614 esse
1268 1575 1337 1636 per·

251 1653 404 1722 ceptorum
434 1659 473 1697 ex
496 1559 691 1719 praeputiatisg
722 1637 832 1698 cilicet
852 1639 1019 1698 commodam
1035 1635 1238 1716 perciperem
1253 1658 1337 1718 prae.

271 1723 368 1782 sitiatis
381 1719 534 1794 Israelitis,
549 1730 580 1778 at
594 1717 719 1780 nonlicet
734 1717 808 1778 illud
812 1719 959 1800 percipere
968 1739 1003 1778 es
1015 1716 1184 1777 circumcisis
1190 1719 1339 1798 geatidas.

245 1747 299 1864 lx
320 1804 378 1862 hoc
393 1813 423 1862 et
437 1802 499 1861 aliis
512 1801 650 1861 similibus
665 1801 747 1872 locis,
762 1801 798 1860 ab
814 1800 949 1860 Edzardo
970 1811 1000 1860 et
1014 1797 1075 1858 aliis
1096 1795 1240 1870 adductis,
1263 1819 1336 1860 cou-

248 1897 306 1947 stat
320 1884 509 1964 apertissime,
533 1901 696 1942 sennonem
712 1883 873 1942 Servatoris
887 1881 977 1942 nostri
992 1900 1055 1940 esse
1070 1879 1281 1952 abbreviatum,
1303 1893 1335 1940 et

248 1967 294 2026 vel
309 1987 389 2028 snio.
403 1965 508 2024 licitum
523 1974 574 2036 est,
588 1965 634 2024 vel
653 1985 730 2030 rina,
781 1963 916 2024 alibitam
930 1973 981 2036 est,
996 1959 1237 2021 subaudiendum.
1269 1961 1333 2020 Pri·

249 2067 283 2107 us
297 2047 394 2105 locum
410 2047 578 2114 nonhabet,
594 2046 662 2123 quia
675 2065 734 2125 quo
770 2047 837 2104 Deo
851 2045 940 2104 semel
955 2057 1099 2103 sacratum
1115 2052 1188 2111 erat,
1210 2043 1239 2100 in
1261 2043 1335 2104 alios

218 2187 221 2195 ,
249 2147 318 2188 suus
339 2127 457 2186 minime
471 2126 618 2186 transferri
644 2139 750 2206 potest.
792 2125 872 2204 Ergo
894 2125 1071 2185 adsumimus
1094 2123 1238 2202 posterius
1264 2144 1335 2184 cum

250 2209 387 2268 Eduardo
401 2227 430 2288 p.
444 2213 515 2269 295.
535 2219 566 2268 et
578 2209 668 2268 verba
688 2219 852 2268 nostrorum
875 2207 1125 2286 Evangelistarum
1148 2205 1189 2263 ita
1208 2207 1335 2286 exponi-

143 2293 146 2300 '
249 2309 327 2349 mus:
351 2290 384 2349 si
397 2290 459 2370 qais
473 2289 578 2348 dixerit
587 2291 669 2370 patri
681 2289 726 2349 orl
738 2291 825 2349 matri
836 2309 910 2348 sace:
934 2291 991 2349 lies
1005 2297 1117 2346 sacrata
1132 2295 1183 2356 est,
1198 2308 1233 2345 es
1246 2309 1304 2368 qua
1315 2311 1335 2348 o

248 2393 292 2432 me
301 2373 406 2452 juvari
421 2371 556 2451 potuisti.-
582 2371 628 2454 (h.
643 2391 668 2430 e.
688 2373 763 2442 vovi,
786 2381 816 2430 te
841 2370 920 2429 nulla
941 2389 973 2429 re
997 2389 1015 2427 a
1039 2387 1086 2427 me
1110 2385 1194 2445 posse
1214 2370 1331 2450 juvari)

248 2475 316 2535 erga
330 2473 380 2512 nea
394 2451 487 2512 licebit
500 2452 579 2524 milri,
594 2471 639 2511 res
652 2455 718 2514 Deo
731 2451 816 2512 senat
828 2461 955 2512 sacrans
968 2450 1035 2510 alios
1048 2461 1076 2509 at
1083 2449 1218 2530 prpsaais
1233 2451 1331 2511 asilus

248 2535 416 2618 impendere.
459 2533 642 2594 Scuonrro.

281 2713 299 2748 n
311 2697 381 2764 vste,
394 2712 448 2762 que
458 2696 521 2744 infra
531 2696 562 2745 ds
572 2695 653 2760 ellipsi
665 2697 806 2752 Vesorum,
818 2695 863 2746 suli
873 2707 930 2746 rooe
943 2695 1043 2759 ὅφιίλω,
1053 2693 1142 2744 notati.
1175 2693 1261 2744 Mser.

621 2867 640 2904 ι
655 2869 770 2927 sons,
794 2857 957 2920 samus.
1047 2939 1050 2946 ,

288 3022 500 3104 Aristophanes
515 3022 646 3081 Aeliam.
660 3025 730 3082 552.
748 3023 886 3099 θιλιμίνν
903 3018 981 3100 [imo
995 3021 1142 3095 θιλαμιῧι.
1156 3036 1183 3076 v.
1199 3018 1333 3080 anck.

248 3105 365 3166 511111.
390 3105 535 3181 Seium]
560 3103 741 3188 rgsvoapirur,
765 3103 816 3161 ubl
838 3105 973 3180 Salapiai
988 3103 1153 3184 agonistam
1167 3112 1237 3158 sunt
1251 3103 1334 3176 remi,

247 3189 296 3268 qui
311 3187 372 3246 loro
387 3187 426 3246 od
448 3185 579 3246 walatam
602 3183 767 3266 alligantur.
809 3185 905 3250 Quem
930 3183 1027 3242 locum
1052 3179 1230 3242 Frischlinta
1255 3183 1331 3243 male

247 3267 398 3347 expressit.
440 3282 572 3346 Θαλιμιι
590 3279 699 3340 autem,
713 3266 819 3326 subint.
833 3270 917 3334 κάη,
940 3276 985 3324 est
1008 3284 1109 3331 ramas,
1132 3285 1186 3344 qao
1207 3265 1327 3345 reraiges

168 3358 226 3418 lss
247 3350 338 3430 irfimi
351 3349 469 3422 ordinis,
483 3352 611 3426 Saalpm
625 3349 703 3427 apud
717 3348 838 3408 Grecos
858 3345 941 3417 dicti,
962 3345 1120 3405 utebantur.
1163 3345 1328 3404 videantur

247 3431 415 3512 Hesychius
426 3443 459 3490 et
473 3431 618 3492 Kusterus
631 3429 668 3489 ad
682 3431 711 3488 h.
724 3428 744 3487 1.
758 3431 834 3490 ltem
847 3429 966 3488 Florens
978 3426 1207 3508 Christianusad
1220 3427 1328 3487 Pacem

249 3517 338 3574 1231.
380 3511 491 3571 Lassrs.
534 3508 663 3592 Etymol.
691 3511 737 3571 M.
760 3523 786 3571 c.
810 3517 880 3572 441.
905 3515 953 3570 29.
990 3505 1152 3586 eaaapilm
1180 3513 1275 3578 nim,
1304 3512 1333 3569 al
1417 3535 1418 3572 1

159 3615 160 3618 ’
246 3597 324 3680 igips
347 3595 504 3656 mairam.
548 3593 597 3654 sic
618 3605 648 3652 et
672 3593 776 3652 Suidas
796 3593 833 3652 T.
855 3591 895 3652 11.
918 3611 948 3672 p.
977 3593 1042 3652 162.
1085 3597 1193 3649 Carent
1219 3591 1332 3650 Lexica

246 3697 320 3738 voce
334 3673 511 3753 inustiles.-
530 3679 607 3754 jure.
649 3677 798 3754 Corrupta
811 3688 856 3734 est
869 3675 956 3744 enim,
981 3671 1118 3756 (perinde
1132 3683 1165 3730 ut
1179 3673 1235 3731 ilia
1248 3671 1331 3752 plura

246 3758 334 3836 hujus
356 3757 481 3837 generis,
503 3776 530 3816 e.
554 3777 581 3816 c.
602 3757 739 3862 inrapiat,
765 3755 898 3834 inanius,
922 3753 1082 3839 denanarius,
1105 3781 1186 3820 στιπι
1201 3748 1274 3824 idat,
1294 3753 1332 3813 de
1417 3763 1418 3770 ’

246 3841 351 3918 quibus
363 3837 422 3898 vid.
438 3839 582 3898 Kusterus
597 3839 634 3898 ad
649 3837 731 3899 sutd.
747 3837 782 3898 T.
793 3840 819 3898 1.
830 3860 857 3919 p.
872 3839 937 3899 195.
952 3839 981 3894 in
997 3832 1103 3896 Clerici
1120 3835 1258 3894 sturmus.
1270 3833 1329 3895 Sel.

248 3920 287 3979 Τ.
303 3920 414 3979 xxiv.
431 3921 466 3980 P.
481 3923 505 3981 1.
519 3943 548 4000 p.
563 3927 612 3983 99.
633 3921 714 3982 etad
730 3921 827 3996 Schol.
851 3918 1000 3997 Aristoph.
1022 3921 1078 3977 Av.
1099 3937 1126 3975 v.
1140 3923 1211 3979 696.
1236 3918 1330 3994 Toup.
1417 3919 1418 3970 3

247 4001 373 4060 Emend.
388 4002 425 4061 T.
440 4003 480 4062 ll.
494 4004 624 4086 11422.)
649 3989 892 4081 sdribeudumque
910 4007 1080 4079 saraptam,
1101 3999 1180 4077 quod
1200 3999 1330 4072 Lexicis,

160 4122 162 4130 ·
191 4139 193 4150 ,
246 4084 382 4162 siquibus
396 4082 465 4144 itero
481 4087 574 4158 abest,
588 4097 653 4146 tuto
667 4085 782 4144 inferas.
825 4087 950 4144 Sessar.
1063 4153 1066 4160 Δ
1417 4099 1418 4140 1

289 4172 307 4206 *
325 4163 473 4226 Homerus
487 4165 546 4228 Od.
562 4167 599 4226 X.
615 4189 642 4225 v.
659 4169 727 4228 130.
747 4171 770 4226 si
783 4165 808 4228 d*
818 4168 879 4242 sipia
893 4169 983 4231 aalma
998 4159 1233 4241 aiii‘rtiaraeqllod
1247 4159 1327 4241 'ellip-

246 4246 306 4307 tice
320 4245 432 4325 dictum
445 4259 558 4327 putant.
597 4249 749 4324 Ernestius
761 4247 881 4328 quidem
893 4247 930 4307 ad
945 4246 1003 4306 Od.
1020 4191 1073 4306 lli
1085 4256 1113 4309 s,
1131 4245 1228 4304 usus
1267 4244 1334 4333 'ples'
1417 4261 1418 4296 1

248 4331 348 4412 igaal.
389 4329 486 4392 Possis
499 4331 569 4392 item
582 4335 670 4402 κόπὰς
684 4327 850 4406 subaudire,
870 4338 902 4392 et
922 4323 1090 4408 computate
1108 4332 1155 4396 riit'
1168 4324 1328 4394 dsaee¹sw
1417 4339 1418 4378 1
