2844 4888
501 694 813 764 PRAEFATIO

307 993 643 1081 EDITIONIS
684 997 983 1094 QUARTAE.

555 1367 731 1402 m

138 1660 188 1721 Ero
202 1660 284 1733 Tibi,
299 1661 410 1721 Lector
424 1660 584 1734 Benevoie,
605 1672 740 1742 quartem
762 1661 851 1740 hujus
873 1660 1007 1742 opusmrli
1028 1660 1190 1724 editionem

99 1771 162 1841 post
184 1761 258 1822 dune
281 1761 429 1840 Belgicus,
452 1771 485 1820 et
506 1779 595 1820 unem
617 1761 812 1842 Lipsiensem,
839 1761 1089 1842 qualibuscunque
1111 1761 1190 1822 curin

100 1858 371 1920 nemorensem.
412 1857 501 1918 Circe
514 1879 601 1937 qum
615 1859 734 1938 quidem
756 1859 914 1920 editionem
934 1869 1063 1922 nuttam
1084 1869 1188 1918 notun·

102 1955 169 2015 duur
193 1967 249 2028 cst,
274 1973 341 2016 eom
353 1975 413 2016 uon
426 1956 588 2016 secundem
601 1973 676 2028 esse,
691 1957 743 2016 sed
757 1955 884 2028 tertium,
898 1973 963 2034 qne
977 1955 1016 2014 ed
1028 1954 1190 2014 secuudum

105 2055 247 2114 Auctoris
270 2055 461 2115 celeberrimi
485 2052 680 2135 Franeqnerae
701 2056 893 2120 oIoIoccxn.
916 2053 1025 2114 edium
1039 2071 1190 2132 expresse,

102 2163 132 2212 et
151 2153 392 2212 annotationibus
416 2153 523 2212 nostris
544 2165 633 2212 encta
655 2163 708 2212 est.
752 2155 871 2226 Coum,
897 2173 950 2213 cur
964 2153 994 2212 id
1007 2171 1190 2222 moneamus,

103 2249 165 2310 bc
186 2263 246 2311 ea:
278 2251 378 2329 Berge
399 2252 429 2308 in
453 2251 598 2329 catologo
622 2251 754 2329 Operum
777 2252 927 2312 Lernberti
955 2252 1015 2310 Bos
1037 2260 1104 2330 poet
1127 2267 1190 2308 me·

99 2362 244 2410 mornmm
264 2349 386 2427 primam
407 2349 566 2409 editionem
586 2350 628 2410 sic
642 2362 769 2428 ponunt:
790 2349 956 2409 “Etcum
977 2347 1186 2408 Annotetioni·

100 2447 154 2507 bus
167 2447 384 2524 Schoettgeuii,
395 2447 475 2526 Lips.
498 2451 586 2510 1711.
599 2447 706 2508 iterum
720 2448 807 2508 edite
822 2459 854 2508 et
866 2449 904 2508 nb
920 2451 1053 2507 Auctore
1068 2447 1187 2524 quibus-

100 2547 165 2606 dnm
187 2546 262 2604 locis
283 2557 388 2616 aucte,
409 2546 532 2624 Franeq.
558 2549 596 2605 A.
624 2549 709 2610 1712.
739 2529 807 2606 'rw’
829 2553 847 2590 ¹*
878 2547 989 2606 Focum
1012 2546 1101 2623 igitur
1114 2543 1187 2604 fecit

101 2643 288 2714 Lectoribut,
307 2641 435 2721 quisquis
455 2643 520 2702 herc
535 2644 579 2702 ite
599 2643 725 2723 scripsit,
747 2655 778 2703 et
791 2645 966 2723 persuadere
981 2644 1114 2702 omnibns
1133 2661 1185 2702 ro-

100 2741 164 2814 luit,
185 2739 345 2802 editionem
375 2741 516 2802 Auctoris
537 2753 637 2802 nostre
656 2742 745 2802 fuisse
769 2743 970 2820 posteriorem,
994 2741 1073 2819 quod
1095 2740 1187 2820 longe

101 2859 184 2902 notre
207 2851 266 2900 est:
296 2857 365 2898 netu
388 2838 479 2900 editio
495 2851 595 2900 nostre
616 2839 724 2920 prodiit
745 2857 804 2898 non
827 2843 887 2899 An.
910 2843 995 2902 l'ffl.
1020 2838 1072 2898 sed
1098 2839 1186 2902 1718.

101 2941 197 3000 Miror
217 2939 318 3018 igitur,
341 2938 420 3018 quod
438 2938 555 3017 quidem
579 2957 618 2998 ex
645 2939 800 2999 Germanis
821 2939 927 3000 nostr'u
950 2941 972 3014 †
1001 2937 1056 2998 sibi
1078 2938 1134 2998 hec
1155 2938 1186 2996 in

101 3049 183 3117 porte
197 3036 308 3116 imponi
320 3031 398 3115 persi
411 3047 487 3105 sunt,
509 3047 541 3096 et
555 3035 634 3116 quod
648 3035 689 3094 iiii
702 3055 756 3116 per
775 3036 916 3096 malitiam
930 3035 1118 3115 scripserunt,
1133 3055 1186 3115 per

102 3139 243 3199 incuriam
266 3137 362 3196 secuti
380 3147 459 3196 sunt
519 3137 662 3204 Poterant
684 3137 762 3196 enim
779 3135 897 3196 titulum
918 3135 1055 3195 editionis
1077 3146 1186 3195 nostru

105 3237 235 3318 quotidie
259 3234 350 3295 oeulis
365 3252 514 3314 usurpare.
564 3235 623 3294 Sed
645 3235 779 3314 haecjnm
800 3233 981 3294 dimittimus.

138 3337 209 3396 Nou
223 3333 368 3392 immerito
382 3345 481 3393 autem
494 3332 565 3390 mihi
578 3333 720 3411 grotrdor,
735 3332 814 3412 quod
833 3333 898 3391 hoec
918 3330 1009 3390 editio
1029 3341 1129 3391 nostre
1151 3339 1184 3390 et

103 3433 315 3503 annotationes,
330 3449 402 3512 quas
416 3441 487 3491 tunc
500 3430 744 3512 adspersersmue,
759 3431 940 3492 eruditorum
959 3431 1094 3513 plausum
1115 3451 1185 3492 con·

101 3547 207 3597 secute
227 3532 294 3591 sint.
340 3531 389 3590 Sic
411 3531 488 3590 enim
511 3534 659 3590 Auctores
684 3532 802 3590 Summe
824 3532 974 3590 reverendi
996 3531 1184 3591 Relationum

103 3635 297 3692 innocuorum
307 3627 489 3706 judicarunt,
502 3627 632 3687 libellum
647 3629 728 3687 hunc
743 3628 841 3689 multis
862 3630 936 3690 locis
956 3630 1063 3709 Script.
1085 3630 1184 3690 Secrse

103 3732 197 3792 lumen
211 3727 387 3797 accendere,
401 3725 481 3806 quod
500 3725 617 3785 uiiunde
636 3726 744 3785 frustra
763 3738 856 3806 petas,
878 3747 1016 3806 quorsum
1035 3728 1184 3807 precipue

104 3828 315 3890 observetioues
328 3844 402 3884 meae
415 3823 591 3903 pertineant:
614 3841 649 3883 nc
661 3824 785 3903 proinde
798 3825 835 3883 eb
850 3825 982 3884 omnibus
993 3824 1097 3886 Tbeol.
1113 3825 1182 3886 Stu-

105 3927 187 3988 diosis
213 3923 316 3986 sedulo
345 3922 537 3983 evolvendum
564 3941 639 3994 esse,
666 3933 770 4002 utpote
798 3941 885 4002 quem
916 3922 1018 3983 iisdem
1045 3924 1182 3988 tentus

134 4149 145 4176 ⁸
164 4143 272 4192 Histoire
283 4139 391 4203 critique
402 4137 432 4187 de
443 4137 468 4186 le
478 4137 582 4201 Repuid.
593 4137 636 4188 des
646 4138 726 4188 lettres
736 4139 808 4189 Torn.
820 4139 893 4189 xlv.
903 4155 926 4204 p.
936 4143 993 4192 ³⁵⁵.

132 4293 145 4352 †
163 4289 233 4340 Nom
243 4287 357 4338 littercris
367 4287 432 4350 lips
446 4287 527 4339 Germ.
538 4304 559 4340 o.
576 4293 646 4340 1717.
656 4305 680 4351 p.
691 4291 746 4338 ³31.

230 4367 235 4374 ’
622 4371 644 4436 b
