2844 4888
223 191 266 250 xii
550 185 776 250 PRAEFATIO
798 185 1010 246 LEISNERI.

222 378 297 429 sem,
312 368 354 426 ut,
371 356 511 438 quicquid
525 357 705 439 reliquorum
725 357 867 416 librorum
881 367 937 428 est,
954 357 991 416 de
1006 373 1165 434 puerorum
1178 353 1317 442 monibus

224 466 410 526 excuterent,
425 454 691 535 denunciaremque
704 441 876 526 identidem,
885 454 953 513 solis
963 453 1082 514 Lexicis
1096 473 1151 513 nos
1165 473 1229 513 esse
1244 473 1316 514 con·
1399 458 1400 479 ¹

224 565 322 614 tentos
336 554 456 626 seuere,
472 557 580 616 ceteris
594 557 674 616 libris
688 557 726 616 ue
740 555 844 636 eupli,
859 555 898 615 ds
912 539 1184 627 vellemannes
1199 557 1316 618 ursos-

225 652 279 710 mis
303 671 407 730 graece
421 653 539 732 lingue,
557 654 594 714 de
608 654 769 734 particulis,
793 665 824 712 et
844 653 868 712 si
890 653 941 732 qui
961 665 1029 711 suut
1049 652 1109 725 alii,
1124 655 1318 732 superseden-

226 748 297 808 dum
311 769 384 809 esse.
427 749 524 818 Nunc,
548 763 580 810 ut
601 761 712 811 norunt
732 769 833 810 omnes
847 751 945 831 paullo
960 752 1157 824 humaniores,
1175 752 1250 812 ratio
1265 771 1318 812 cu-
1400 739 1401 750 ¹

222 851 314 928 jusvis
327 851 435 928 linguae
448 851 511 912 fere
526 852 569 912 ita
584 865 753 932 comparata
765 865 821 924 est,
835 863 868 911 ut
883 871 970 932 quam
984 851 1132 910 minimam
1153 850 1230 908 illius
1251 870 1319 930 por·

225 961 288 1008 tem
302 949 326 1006 is
340 948 493 1028 intelligat,
508 950 557 1030 qui
572 952 715 1011 vocabula
728 953 873 1010 duntaxat
884 950 1029 1028 intelligit.
1071 950 1176 1028 Itaque
1187 949 1257 1009 satis
1265 949 1321 1008 rni-

226 1045 284 1104 rari
299 1066 358 1105 non
373 1065 501 1125 possum,
515 1059 547 1106 et
561 1048 694 1109 inventos
714 1048 814 1120 fuisse,
835 1060 867 1108 et
886 1067 965 1108 nunc
986 1047 1119 1119 inveniri,
1135 1045 1186 1126 qui
1201 1065 1252 1106 eos
1266 1065 1322 1125 pro

170 1193 176 1203 .
226 1145 338 1224 linguae
348 1165 453 1224 graecae
463 1146 642 1225 peritissimis
655 1149 819 1219 venditent,
833 1167 871 1207 ex
886 1145 1140 1230 quorumfscriptis
1153 1143 1226 1203 nihil
1239 1143 1323 1203 aliud

228 1242 360 1320 colligas,
375 1263 462 1323 quam
476 1265 527 1304 eos
541 1257 647 1325 preter
661 1245 847 1306 elementaris
861 1245 1066 1323 grammatices
1080 1253 1239 1324 precepto,
1253 1259 1321 1301 eam

229 1336 292 1398 sere
307 1341 436 1399 omniurn
450 1361 556 1402 vocum
571 1363 731 1422 graecarum
745 1342 815 1415 vim,
830 1361 895 1423 qum
909 1341 939 1400 in
948 1341 1068 1401 Lexicis
1077 1339 1211 1410 traditur,
1226 1339 1322 1418 probe

227 1436 417 1512 intellexisse,
433 1452 532 1501 cetero
545 1461 625 1515 vero,
642 1461 707 1521 quse
721 1442 758 1500 ad
772 1452 905 1501 usturam
920 1458 1024 1518 graecae
1038 1439 1146 1519 linguae
1160 1437 1322 1516 pertinent,

228 1536 386 1614 ignorasse.
452 1540 529 1605 Quin
549 1559 646 1620 grece
665 1539 766 1618 lingue
786 1559 844 1598 una
858 1533 926 1598 cum
939 1536 1030 1596 latins
1044 1536 1162 1616 proprie
1178 1535 1255 1594 inter
1268 1553 1322 1594 eas

227 1631 343 1712 linguas
356 1633 494 1712 pertinet,
516 1657 582 1716 quoe
603 1637 725 1696 erudite
746 1654 805 1696 non
826 1634 921 1694 solum
942 1633 1098 1706 habentur,
1114 1633 1323 1693 verumetiam

227 1741 306 1800 sunt,
328 1731 386 1790 boc
408 1745 461 1802 est,
478 1734 554 1793 inter
567 1733 711 1814 ejusmodi
724 1733 848 1811 linguas,
863 1751 928 1810 quse
942 1731 1004 1790 sine
1018 1751 1132 1810 msgnoe
1147 1731 1324 1792 eruditionis

228 1828 375 1905 presidio,
389 1829 452 1889 sine
467 1833 636 1910 cognitione
649 1831 778 1892 historiae
791 1830 907 1898 veteris,
930 1828 1039 1888 rituum
1053 1841 1084 1889 et
1104 1829 1275 1909 opinionum
1289 1849 1324 1888 o·

226 1923 278 1982 lim
293 1937 487 2006 receptarum,
502 1929 561 1989 imo
574 1931 637 1989 sine
650 1928 841 2009 philosophiae
854 1927 960 1986 veteris
970 1938 1002 1986 et
1012 1927 1218 2006 grammatices
1232 1926 1326 1986 subli-

227 2022 327 2082 mioris
341 2037 480 2086 accurato
493 2029 597 2087 notitia
610 2026 734 2105 intelligi
748 2037 911 2104 nequeunt;
935 2025 1015 2084 haud
1029 2024 1117 2086 dubie
1128 2024 1217 2102 longe
1231 2028 1326 2104 mojo-

228 2118 265 2190 ri,
286 2139 374 2197 quam
396 2121 460 2182 solo
482 2125 692 2184 vocabulorum
714 2135 867 2202 apparatu,
889 2123 933 2195 iis,
949 2123 999 2201 qui
1012 2122 1051 2183 ad
1064 2123 1190 2201 aliquem
1204 2122 1326 2184 leudem

227 2234 390 2294 grecorum
405 2218 554 2280 literarum
568 2221 728 2300 adspirant,
751 2241 824 2304 opus
849 2233 903 2280 est.
945 2221 1063 2282 Idcirco
1084 2240 1143 2280 non
1164 2219 1207 2280 ilii
1228 2221 1327 2280 solum

228 2314 305 2374 bene
320 2315 357 2374 de
370 2319 475 2394 graeois
488 2317 579 2377 literis
590 2329 751 2390 merentur,
766 2318 817 2396 qui
838 2337 1000 2396 grecorum
1014 2330 1146 2378 veterum
1160 2315 1326 2391 historiam,

228 2411 428 2489 antiqnitates,
440 2415 522 2487 ritus,
534 2417 694 2495 opiniones,
707 2427 818 2487 cetere,
832 2415 931 2474 sivein
945 2416 1005 2474 suis
1018 2413 1055 2474 ed
1065 2433 1177 2494 graecos
1185 2426 1328 2476 auctores

229 2513 492 2589 observationibus,
513 2517 575 2577 sive
599 2515 684 2576 editis
706 2514 902 2596 peculiaribus
916 2513 1006 2585 libris,
1029 2513 1190 2590 explicant3
1221 2532 1328 2574 verum

228 2615 316 2678 etiem
331 2615 362 2672 hi
375 2621 423 2676 τόι
444 2620 599 2691 estotim
615 2614 733 2674 utilitati
756 2613 924 2684 consulunt,
939 2611 992 2689 qui
1005 2609 1166 2670 difficiliora
1179 2609 1330 2690 simulque

228 2711 317 2788 vulgo
339 2712 520 2789 neglectiore
539 2713 743 2790 grammatices
766 2711 878 2790 capito,
901 2707 1066 2789 cujusmodi
1087 2709 1145 2768 hoc
1167 2707 1206 2768 de
1229 2709 1330 2788 ellipsi

230 2819 285 2878 est,
301 2827 339 2866 ex
355 2809 489 2870 instituto
505 2821 642 2870 tractant.

275 2909 427 2972 Quantum
440 2905 601 2984 adjumenti
615 2905 654 2965 ed
667 2925 779 2984 graeoos
792 2917 929 2966 auctores
944 2905 1054 2967 rectius
1075 2916 1106 2964 et
1118 2904 1331 2983 intelligendos

229 3016 261 3066 et
275 3003 452 3064 enarrandos
466 3003 601 3062 doctrino
620 3003 908 3083 ellipsiumladleret,
931 2981 1071 3082 quantum
1092 3023 1162 3064 vero
1182 3003 1213 3062 in
1234 3003 1330 3066 inter·

229 3102 379 3186 pretendit
393 3103 495 3162 iisdem
508 3101 698 3181 scriptoribus
712 3102 881 3162 hallucinati
895 3102 1017 3175 fuerint,
1031 3122 1137 3164 vocum
1151 3101 1330 3164 omissorum

119 3265 126 3274 ,
230 3200 336 3279 ignari,
356 3212 407 3260 aut
426 3212 507 3260 certe
528 3221 587 3262 non
608 3201 677 3260 setis
699 3198 817 3272 curiosi,
840 3201 897 3260 hoo
918 3200 1031 3279 aliquot
1052 3199 1195 3278 exemplis
1210 3199 1284 3260 vicit
1299 3203 1332 3262 in

229 3298 377 3378 premissa
398 3297 468 3358 lruic
482 3297 773 3377 libellopraelstione
790 3299 894 3358 bamb.
921 3298 990 3356 Bos.
1042 3297 1120 3356 Sunt
1144 3296 1182 3356 ad
1206 3315 1333 3358 manum

229 3395 386 3478 permulto,
397 3415 463 3475 que
476 3396 510 3454 iis
523 3396 651 3474 adjicere
662 3413 822 3473 possemus,
834 3389 935 3457 veroin
945 3413 983 3454 ne
991 3393 1072 3452 nimii
1083 3393 1243 3466 videamur,
1253 3415 1333 3474 psu-

229 3495 273 3556 cis
286 3493 419 3556 contenti
433 3493 550 3556 crimin.
592 3493 748 3573 Polyaenus
763 3497 787 3556 1.
809 3501 855 3560 17.
878 3498 901 3556 si
915 3497 1046 3560 Marullus
1059 3498 1152 3562 -slu
1168 3497 1271 3560 ηἰηυῦ
1285 3495 1332 3556 lul

228 3591 544 3677 praestituti-apolus
557 3592 664 3656 idmo-
705 3593 856 3674 interpret
876 3593 940 3652 haec
955 3591 997 3652 ita
1011 3589 1152 3652 reddidit:
1184 3591 1334 3654 Messenii

229 3690 377 3752 victoriam
388 3711 443 3750 noo
457 3689 587 3771 exiguom
602 3690 827 3752 Loccdoemoniis
840 3691 988 3750 dederunt.
1032 3689 1150 3754 Melet
1174 3691 1225 3754 uim
1240 3693 1269 3750 ον’
1285 3691 1333 3754 διὸ

186 3849 190 3862 ,
227 3798 331 3870 pangat
344 3807 403 3846 non
414 3799 459 3846 est
473 3787 591 3848 uictorsb
605 3807 708 3868 magno
723 3788 769 3848 vel
783 3789 902 3850 uictoria
917 3807 973 3848 noa
988 3787 1100 3868 exiguo.
1143 3787 1224 3854 Quid
1234 3792 1330 3867 ergo?

230 3889 261 3944 in
274 3885 331 3944 hac
352 3883 446 3944 forma
465 3883 604 3964 loquendi
625 3890 653 3946 sl
673 3884 715 3946 bt
735 3896 837 3970 pangat
858 3885 1048 3965 supprimitur
1062 3893 1090 3948 st
1112 3887 1212 3969 mino.
1234 3893 1263 3950 οὐ
1286 3889 1334 3952 διὸ

228 3993 331 4068 papst
345 4003 416 4060 ergo
431 3995 476 4042 est
490 3983 577 4055 breui,
591 3984 656 4044 cilo.
699 3985 871 4063 Cujusmodi
885 3985 969 4044 locos
983 3985 1082 4063 plures
1095 3985 1333 4064 suppeditabunt

139 4067 149 4096 '
228 4081 557 4145 elimosinarum
571 4081 680 4143 erun.
694 4082 731 4140 V.
747 4083 788 4142 u.
801 4084 873 4162 eq.
889 4081 974 4144 xxi.
995 4081 1062 4144 ιιι.
1081 4083 1119 4143 x.
1139 4094 1171 4144 et
1186 4084 1331 4150 ussurus

226 4181 267 4244 ad
282 4181 404 4242 Pousen.
422 4179 549 4240 Boeotic.
565 4181 638 4259 Cap.
654 4181 933 4260 xxv111.p.sot.

269 4277 417 4358 Equidem
437 4290 545 4358 praeter
566 4277 643 4340 benc
664 4297 782 4346 caueam
803 4277 919 4362 reperio
940 4277 1015 4343 dues
1030 4279 1112 4355 elios,
1125 4300 1178 4342 cur
1192 4281 1333 4346 doctriua
