2844 4888
423 189 652 255 PRAEFATIO
673 193 886 256 LElSNEliI.
1143 187 1199 254 xiii

101 355 157 416 itit
169 373 233 416 Mn
248 355 426 436 negligenda
435 361 481 430 sit,
497 382 593 433 unam
609 364 690 444 quod
703 364 877 444 detegendis
884 361 969 424 malit
982 361 1193 422 emendationi·

100 454 155 514 hus
171 455 255 514 utilia
267 455 315 528 eit,
334 458 543 542 impediatque,
557 483 616 542 quo
637 465 733 524 minus
746 475 901 524 auctorum
916 463 1006 532 locos,
1021 461 1126 542 quihus
1139 479 1193 522 sua

101 563 219 613 constat
233 555 341 616 sanitas
354 569 385 618 et
397 559 560 648 integritas,
571 563 689 627 mutilos
702 583 767 623 ease
779 583 816 624 ac
828 564 1001 643 depravatos
1015 562 1130 621 credas:
1151 561 1193 620 el·

101 663 206 723 mm,
220 653 488 734 quodquoniam
497 679 575 740 srepe
593 673 735 722 monstret
755 663 793 721 ad
804 662 884 722 locos
898 661 973 720 rnnle
986 660 1107 720 effectos
1120 659 1194 719 inte-

99 749 202 827 gritati
216 753 423 818 restituendos.
444 758 554 820 Prioris
567 762 684 841 geneda
698 761 865 841 exemplum
879 771 924 820 est
937 761 1020 820 locus
1033 758 1142 818 AEliani
1157 758 1194 817 V.

101 849 144 908 H.
158 850 185 911 1.
205 856 252 912 lt.
268 853 320 914 uhi
333 854 365 914 in
376 856 528 919 locutione
541 859 617 944 ἔςχε
639 859 739 929 ὁδίων,
762 860 782 920 i.
798 881 824 920 e.
843 860 929 941 peior
949 857 1070 930 lucessit,
1092 873 1196 936 perpe-

102 965 165 1006 ram
190 955 219 1008 ει
244 957 333 1033 gagi·
354 954 499 1016 excidisse
512 957 640 1018 Wolfius
657 969 751 1038 potat,
773 958 898 1037 locoque
917 975 972 1018 suo
985 956 1197 1036 reponendum.

103 1045 182 1108 Nam
196 1061 392 1128 preterquam
407 1053 490 1132 quod
504 1055 641 1115 Kuhnius
654 1058 801 1134 vulgatam
822 1055 965 1136 simulque
979 1055 1144 1134 elegantem
1158 1053 1196 1114 ls-

101 1143 162 1202 tins
174 1145 257 1204 vocis
272 1145 384 1226 ellipsin
400 1150 429 1208 in
441 1150 496 1210 ista
508 1152 606 1231 phresi
621 1173 684 1224 ease
698 1165 807 1222 monet,
825 1154 854 1213 id
869 1154 953 1212 Paul.
969 1151 1140 1232 Leopsrdus
1155 1151 1196 1214 E·

102 1240 235 1302 mendat.
249 1243 289 1302 X.
303 1248 349 1304 12.
361 1247 460 1306 multis
473 1268 591 1328 quoque
605 1250 747 1329 exemplis
761 1251 876 1329 prohat.
928 1251 968 1309 Et
993 1269 1082 1329 quum
1108 1248 1197 1330 cygni

102 1339 238 1400 manibus
252 1355 382 1416 careant,
396 1345 514 1406 videtur
527 1347 685 1408 necessitas
708 1347 826 1410 AEliano
846 1347 938 1407 fuisse
957 1347 1042 1407 iatam
1061 1348 1197 1408 voculam

103 1437 269 1497 omittendi.

142 1538 191 1596 lta
203 1538 337 1614 luerunt,
352 1542 403 1621 qui
419 1543 594 1604 medicinam
608 1545 804 1604 adhibendam
818 1553 958 1623 putarent
972 1543 1117 1624 Hesychii
1130 1543 1197 1604 loco

104 1652 163 1694 non
175 1636 255 1696 mule
269 1636 386 1698 affecto:
409 1641 556 1715 Ἀπὸξιιει
571 1647 593 1702 ei
606 1644 666 1716 piru
680 1645 725 1721 psit
739 1647 910 1727 πςεςείιιειτις,
925 1646 965 1703 iel
979 1640 1004 1702 di
1023 1650 1066 1710 εἷς
1081 1640 1198 1702 emda-

104 1740 152 1800 εἰς
166 1735 308 1806 moine.
336 1737 398 1796 Hic
411 1737 537 1816 primum
551 1739 662 1819 aliquid
672 1741 811 1800 omissum
825 1759 888 1800 esse
903 1749 986 1799 recte
997 1737 1077 1798 videt
1092 1738 1199 1798 Lamh.

105 1829 175 1902 Boe,
191 1831 268 1892 Ohs.
282 1833 355 1894 crit.
369 1853 396 1894 c.
409 1835 551 1896 XXXVI.
565 1857 595 1915 p.
612 1841 677 1902 157.
720 1837 780 1898 sed
793 1849 878 1917 putet
892 1836 1058 1897 addendum
1072 1843 1104 1919 'i
1122 1839 1198 1900 visu

105 1934 352 2012 posta-primm
374 1931 481 1992 deinde
497 1934 643 1994 Stanleius
656 1934 695 1994 ad
708 1935 883 2014 AEscbylum
893 1935 996 2014 Suppl.
1008 1939 1079 1996 861.
1100 1936 1199 2017 Hesy-

105 2025 164 2084 chii
177 2026 279 2086 locum
293 2030 396 2101 citans,
411 2049 465 2108 pro
480 2033 521 2093 im*
535 2031 561 2092 ii
574 2039 616 2100 εἰς
630 2033 793 2112 legendum·
802 2034 922 2112 conjicit
936 2037 981 2096 ἔτι
994 2033 1020 2094 ii
1032 2041 1077 2108 γῆς
1091 2042 1155 2095 ἄλλ.
1169 2063 1198 2108 γ·

104 2122 167 2184 Sed
181 2125 211 2182 in
226 2131 362 2210 tihhtegr'rt,
377 2126 525 2200 medetei,
543 2129 594 2203 ξένε
608 2141 667 2189 eie.
687 2149 765 2208 taepe
785 2150 839 2210 per
858 2131 973 2211 ellipsin
994 2133 1110 2192 reticeri
1128 2137 1197 2207 iyii,

104 2239 143 2284 ex
159 2233 263 2283 nostro
279 2224 377 2286 libello
391 2236 493 2284 notum
508 2238 562 2286 cst.
605 2228 645 2286 Et
658 2247 712 2307 pro
731 2230 846 2310 viriae
861 2241 929 2310 post
949 2249 1052 2290 vocem
1066 2235 1200 2315 aguino-

105 2351 146 2392 ης
163 2321 282 2382 videtur
295 2323 393 2402 potius
407 2343 471 2384 esse
484 2324 765 2404 subintelligendum
780 2332 816 2406 τῇ
824 2327 909 2396 alna,
925 2327 1004 2406 quod
1015 2345 1089 2388 voce
1101 2331 1205 2404 inlit-

109 2453 144 2487 m
158 2423 338 2494 continetur,
353 2439 386 2483 ut
400 2422 488 2484 docet
502 2423 546 2482 vir
566 2423 671 2484 doctus
692 2425 765 2484 Oba.
786 2425 875 2484 Miac.
898 2424 964 2484 Vol.
986 2426 1012 2484 1.
1034 2427 1070 2486 Τ.
1091 2426 1150 2487 Ill.
1171 2445 1202 2506 p.

107 2529 180 2586 stt.
193 2524 245 2584 ubi
258 2524 489 2584 observationem
501 2521 680 2602 preclaram,
692 2536 724 2584 et
736 2524 887 2604 permultis
898 2525 970 2584 locis
978 2525 1122 2604 Hesychii
1136 2545 1200 2586 ree·

109 2620 139 2686 te
152 2623 351 2700 intelligendis
366 2623 466 2684 utilem
491 2623 640 2703 proponit,
654 2623 767 2683 scilicet
782 2623 966 2702 Hesychium
988 2623 1060 2684 illud
1080 2625 1201 2686 verbum

108 2725 155 2783 vel
169 2723 382 2782 substantivum
398 2724 545 2796 omittere,
559 2725 640 2803 quod
655 2724 684 2782 in
698 2743 772 2784 voce
786 2725 856 2803 ipse,
882 2724 919 2784 de
944 2743 1002 2802 qua
1025 2725 1097 2803 agit,
1119 2726 1202 2800 latet,

115 2820 242 2898 ideoque
255 2819 460 2900 supplendum,
471 2821 622 2880 brevitatis
636 2841 733 2891 causa,
749 2821 915 2901 relinquere
928 2820 1040 2884 lectori.

150 2917 251 2978 Verba
264 2918 331 2986 lim,
346 2916 476 3001 ignotae,
492 2923 580 3001 ὅςμᾷι,
594 2919 708 3000 aliaque
728 2919 813 2979 simili
827 2931 984 2999 potestate,
1000 2922 1096 2982 solere
1117 2941 1196 3005 sepe

112 3017 215 3078 abesse
236 3015 374 3075 ornandae
393 3017 533 3078 orationis
552 3037 651 3090 causa,
676 3019 752 3078 infra
775 3019 940 3080 docebitur.
981 3021 1018 3080 Id
1030 3022 1110 3101 quod
1134 3041 1203 3081 cuns

112 3133 172 3174 non
186 3115 370 3175 observasset
383 3115 426 3174 H.
444 3115 620 3194 Stephanus,
643 3116 788 3178 immerito
813 3118 1002 3197 depravatum
1026 3119 1202 3180 existimavit

113 3212 212 3274 locum
229 3211 436 3291 Xenophontis
450 3211 531 3272 Heli.
545 3213 587 3273 II.
602 3217 722 3276 hiarwo
736 3221 748 3276 i
762 3222 809 3278 τῧι
822 3217 959 3301 egreium
966 3221 1042 3302 κᾶςυξ
1052 3219 1110 3284 τοὺς
1120 3216 1203 3278 isiu-

111 3315 201 3376 iridr
216 3313 369 3394 θεςιμίιιι.
412 3311 453 3370 H.
478 3311 645 3390 Stephanus
665 3321 694 3375 τι
717 3316 836 3376 horem
856 3316 1029 3377 mutandum
1050 3329 1150 3376 censet
1170 3317 1201 3376 in

112 3411 237 3474 Mami.
281 3409 340 3470 Sed
367 3410 529 3470 mutatione
552 3410 624 3470 nihil
648 3432 721 3493 opus
745 3425 800 3474 est.
837 3415 1024 3496 Supplendus
1045 3415 1202 3476 infinitivus
1283 3449 1293 3467 ι

111 3511 180 3572 ὅκα.
223 3507 293 3568 Vid.
308 3509 381 3569 Oba.
396 3509 484 3568 Misc.
500 3508 565 3568 Vol.
582 3510 637 3570 lV.
651 3532 680 3590 p.
696 3517 765 3572 888.
779 3525 810 3573 et
823 3535 852 3593 p.
867 3519 937 3576 858.
979 3515 1010 3576 Si
1028 3514 1112 3595 plut-a
1125 3515 1201 3576 desi.

110 3607 207 3679 derat,
222 3606 270 3666 adi
285 3601 401 3668 easdem
413 3604 639 3668 Observationes
653 3609 871 3686 Miscellaneae,
885 3625 916 3674 et
934 3613 1052 3694 quidem
1074 3612 1141 3672 Vol.
1163 3613 1201 3673 V.

112 3701 149 3762 T.
162 3700 223 3760 lll.
243 3721 272 3779 p.
286 3705 335 3762 85.
357 3721 414 3762 nec
436 3721 495 3764 non
519 3705 733 3768 recentissimos
762 3710 943 3790 Thucydidis
966 3711 1140 3791 interpretes
1163 3711 1203 3772 ed

111 3803 167 3876 Vl,
181 3809 233 3864 54.

152 3901 215 3963 Sed
229 3919 315 3980 quam
330 3900 417 3960 facile
430 3899 556 3982 ellipeios
570 3904 716 3982 ignoratio
730 3905 871 3966 seducere
879 3906 979 3986 possit,
990 3918 1022 3966 ut
1036 3904 1117 3966 locos
1131 3925 1201 3967 auc·

110 4013 221 4071 torum,
236 3999 286 4078 qui
299 3999 381 4058 nullo
394 3997 465 4058 vitio
479 3999 623 4074 laborant,
638 4003 755 4064 mutilos
769 4023 842 4077 csse,
857 4003 903 4064 vel
917 4004 1090 4082 depravatos
1101 4005 1202 4064 creda-

112 4117 187 4170 mus,
201 4115 256 4156 suo
272 4097 409 4174 exemplo
418 4097 602 4158 doctissimus
616 4111 646 4158 et
666 4101 860 4169 laturarium
883 4101 1029 4162 Kusterus
1053 4101 1141 4162 docet
1165 4103 1204 4162 ad

115 4193 263 4274 Aristoph.
280 4195 358 4254 Plut.
372 4200 443 4256 468.
457 4195 517 4273 qui,
533 4215 600 4254 cum
615 4197 652 4256 de
667 4202 784 4276 σχέμεν
799 4199 848 4258 ilio
862 4197 1064 4278 dtaetraemdirp,
1087 4200 1125 4258 de
1143 4217 1202 4278 quo

114 4292 199 4354 &arn
218 4293 279 4352 llos
297 4310 351 4351 suo
368 4290 526 4380 loco-agit,
550 4294 744 4374 exposuisset,
761 4295 912 4376 subjungit
928 4294 1004 4355 haee:
1028 4303 1050 4338 ⁸⁸
1062 4295 1202 4358 Ceterum
