2844 4888
208 209 229 248 x
452 185 678 248 PRAEFATIO
701 179 1031 244 SCHOETTGENII.

212 356 340 438 quidem,
367 355 420 416 sed
446 359 585 435 moJorem
610 355 639 415 in
664 354 783 413 modum
807 349 1023 412 commendent.
1054 353 1073 389 ⁴
1125 348 1162 406 Iu
1183 346 1312 406 Acade-

211 454 276 512 miis
292 453 464 532 quibusdam
480 452 624 532 Theologi
639 451 748 531 pariter
758 461 788 510 et
799 449 946 528 Philologi
957 447 1082 508 eundem
1092 445 1211 525 publice
1221 464 1313 505 com·

212 549 400 621 mendarum,
415 549 527 630 quierin
542 547 707 626 Philologia
726 547 818 606 Sacra
831 546 932 626 utique
954 544 1110 605 utilitatem
1123 563 1206 604 suam
1220 547 1313 606 exhi·

212 649 273 708 bet.
308 649 385 707 Haec
399 667 457 706 non
472 648 539 707 ideo
552 646 679 718 adduco,
694 645 775 724 quod
787 663 834 702 me
848 642 959 704 laudari
973 654 1127 723 tantopere
1146 641 1314 720 gaudeam

214 747 266 806 sed
280 757 404 818 tantum,
420 758 453 805 ut
467 745 519 819 illi,
533 745 583 824 qui
597 744 665 804 solis
679 742 902 802 auctoritatibus
910 752 1065 821 reguntur,
1074 739 1212 814 habeant,
1224 743 1313 821 quod
1409 771 1410 776 ι

214 845 394 926 expendant,
408 865 503 926 neque
517 845 641 906 inventis
654 845 788 924 frugibus
801 843 923 924 glandes
936 846 966 904 iu
981 845 1093 906 deliciis
1106 847 1243 905 habeam.

256 944 292 1001 In
312 943 425 1004 scholis
445 962 515 1002 sane
535 945 701 1004 merebatur
721 943 770 1002 hic
789 943 904 1004 libellus
935 945 1085 1024 juventuti
1113 947 1255 1022 majorem
1277 941 1312 1002 in

215 1042 335 1102 modurn
350 1041 556 1112 commendari,
571 1041 658 1121 longe
672 1060 741 1100 sane
756 1041 868 1113 melius,
883 1061 969 1121 quarn
985 1040 1125 1126 Syntairis
1138 1040 1188 1100 illa
1201 1040 1312 1100 Posse-
1409 1115 1410 1129 χ

216 1141 303 1212 liano,
318 1160 384 1221 quae
397 1139 456 1198 huc
470 1159 561 1218 usque
576 1149 730 1218 tantopere
745 1139 892 1198 celebrata
905 1137 971 1199 fuit.
1013 1139 1089 1199 Nam
1110 1139 1174 1200 haro
1189 1139 1311 1218 regulos

217 1239 328 1318 profert
349 1237 410 1296 sine
432 1237 555 1308 ratione,
576 1248 607 1296 et
628 1249 730 1297 contre
754 1255 870 1296 omnem
894 1237 1001 1316 linguae
1026 1237 1141 1298 Graecae
1165 1236 1311 1310 indolem,
1409 1243 1410 1310 i

218 1356 277 1417 quo
292 1337 336 1410 fit,
351 1347 384 1395 ut
398 1336 498 1414 lingua
511 1335 566 1394 isto
576 1334 723 1415 juventuti
747 1334 783 1393 sit
797 1333 885 1413 longe
900 1333 1051 1394 difficilior.
1093 1337 1209 1396 Auctor
1233 1353 1308 1396 vero

217 1447 316 1494 noster
331 1435 427 1494 omnia
440 1432 577 1492 facillima
591 1432 729 1492 methodo
744 1451 811 1490 curn
832 1433 992 1494 rationibus
1012 1434 1135 1514 profert,
1156 1452 1228 1512 quae
1249 1453 1306 1493 ex·
1409 1441 1410 1444 ’

218 1533 320 1613 emplie
335 1533 511 1613 optimorum
527 1534 692 1590 Auctorem
707 1530 870 1590 confirmat.
912 1529 1050 1604 Proinde,
1071 1551 1162 1610 quum
1180 1531 1230 1590 hic
1243 1551 1310 1592 om·

218 1630 382 1690 nismelius
396 1631 499 1701 fluant,
511 1629 657 1710 juventuti
671 1628 852 1689 scholasticae
864 1629 970 1690 merito
984 1631 1312 1692 eundemcommendat
1363 1675 1367 1690 .
1409 1647 1410 1664 ¹

221 1727 436 1788 Celeberrimos
453 1727 732 1788 Helmstediensium
748 1725 918 1806 Theologus
931 1728 980 1788 Jo.
995 1728 1195 1808 Fabricius.·†

260 1829 410 1906 Superest,
426 1837 458 1885 ut
471 1825 572 1905 paucis
585 1824 757 1897 indicemus,
772 1824 844 1904 quid
856 1824 886 1882 in
900 1824 956 1884 linc
970 1845 1046 1884 novo
1065 1825 1194 1886 editione
1213 1845 1233 1886 a
1252 1845 1310 1888 no·

220 1925 265 1986 bis
278 1925 439 2003 prestitum
453 1924 501 1984 sit.
542 1923 578 1982 In
590 1922 654 2001 ipso
668 1932 754 1982 textu
769 1921 909 1982 Auctoris
917 1941 1013 2000 pauca
1025 1923 1159 2002 quedam
1172 1923 1313 1986 immuta·

221 2034 253 2084 ιιι
266 2034 346 2083 sunt.
385 2026 484 2089 Quum
498 2022 576 2082 enim
586 2041 641 2082 nos
654 2021 685 2080 in
698 2021 827 2082 editione
841 2021 931 2080 tertia
952 2020 1111 2081 secundam
1135 2021 1174 2081 ad
1187 2023 1313 2082 verbim

220 2121 461 2201 exprimeremus,
476 2138 535 2180 non
550 2120 769 2178 observaturus
787 2117 871 2180 nobis
890 2117 957 2190 luit,
978 2119 1073 2198 ipsum
1087 2119 1220 2198 quedam
1234 2122 1311 2198 onii.

221 2217 303 2290 sism,
320 2238 385 2296 quse
403 2219 433 2276 in
453 2217 713 2296 primoposuerst,
757 2215 859 2276 Potuit
880 2215 953 2288 fleri,
970 2227 1001 2274 nt
1015 2216 1077 2294 ipse
1091 2229 1221 2278 menmm
1243 2237 1312 2280 mu·

220 2315 336 2388 tarerit,
357 2315 490 2392 adeoque
511 2312 674 2372 omittenda
693 2311 743 2370 illa
765 2311 907 2390 duxerit„
957 2312 1035 2379 Quia
1061 2327 1159 2377 temen
1174 2315 1313 2390 vidimus,

224 2412 345 2472 Summe
368 2411 561 2471 reverendum
586 2409 725 2470 Wolfium
754 2409 783 2466 iu
806 2411 891 2470 Curis
911 2411 1101 2492 Philologicis
1115 2413 1154 2472 N.
1169 2413 1205 2474 Τ.
1219 2415 1313 2474 semel

223 2519 311 2589 atque
326 2510 433 2572 iterum
446 2508 484 2568 ad
497 2507 547 2568 illa
560 2525 742 2587 provocasse,
754 2507 843 2586 digna
852 2507 902 2567 ills
907 2509 1112 2588 judicavimus,
1120 2529 1186 2589 quoe
1199 2510 1230 2568 in
1244 2521 1312 2572 terr-

222 2620 286 2670 tum
300 2617 517 2668 revocarentur.
560 2605 683 2665 Factum
704 2615 748 2664 est
769 2604 841 2666 illud
861 2625 879 2665 s
899 2605 993 2677 nobis,
1006 2605 1059 2666 sed
1072 2605 1124 2678 io,
1140 2618 1173 2669 ut
1186 2607 1244 2666 illoe
1257 2607 1311 2668 ob-

225 2706 404 2766 servationes
419 2702 501 2762 uncis
515 2700 746 2788 includerentur,
760 2701 834 2761 etin
849 2702 1084 2764 annotationibus
1104 2705 1211 2764 nostrie
1231 2705 1312 2766 Lec-

224 2815 271 2864 tor
285 2803 322 2864 de
336 2803 393 2863 hac
407 2823 439 2862 re
454 2811 631 2862 moneretur.
666 2802 805 2862 Ceterum
821 2803 1024 2866 annotationes
1036 2817 1150 2867 nostras
1163 2805 1313 2881 aruimus,

226 2911 258 2962 et
281 2919 371 2961 noras
400 2900 551 2979 quasdam,
577 2899 725 2979 precipue
753 2900 790 2959 od
811 2901 850 2962 N.
873 2903 909 2962 T.
931 2901 1141 2962 illustrandum
1169 2903 1313 2968 facientes

146 3075 149 3082 Δ
231 2995 385 3062 addimus..
418 2995 500 3080 'Hoc
527 2996 722 3076 qualicunque
749 2997 848 3060 labore
876 3010 987 3072 nostro,
1011 2999 1134 3072 Lector,
1154 3000 1263 3074 frtrem,
1283 3013 1317 3062 ct

229 3095 314 3156 uobis
333 3093 407 3154 fere.
449 3094 527 3156 Dab.
549 3095 673 3156 Dresde
687 3095 716 3156 d.
729 3101 760 3158 4.
784 3098 914 3178 Augusti
934 3097 1185 3166 ololocoxxvnr.

153 3369 156 3374 Ι
235 3315 248 3354 ρ
263 3297 278 3322 ·
297 3294 375 3344 Relat.
387 3294 514 3350 Innoeent
526 3299 559 3348 Α.
573 3303 641 3349 tote
652 3314 676 3362 p.
687 3304 743 3350 695.

251 3443 269 3505 †
288 3437 409 3488 Indenea
421 3439 626 3504 wohlgerneinten
637 3443 833 3508 Anmerlnngen
851 3459 899 3494 von
918 3427 1099 3511 Verbmacrung
1117 3432 1169 3496 des'
1187 3446 1310 3496 Schulvre·

222 3521 283 3558 seua
318 3503 422 3555 nom
437 3510 505 3556 1726.
517 3512 539 3556 8.
1182 3520 1185 3537 ⁴
