2844 4888
244 201 294 260 xis
549 197 777 261 PRAEFATIO
795 197 1010 260 =LEISNERL

241 367 351 448 ellipsis
374 369 438 429 hac
462 390 499 432 eo
522 371 615 450 magis
642 368 773 430 notanda
802 381 857 442 est,
889 373 979 449 quod,
1001 369 1051 450 qni
1084 387 1149 429 eam
1184 369 1332 448 ignorant,
1410 365 1411 384 ¹

240 467 327 528 facile
340 468 507 528 existimare
520 469 642 549 possint,
663 467 782 529 taeiimr
807 466 885 528 illam
909 469 1021 528 incuria
1044 467 1226 526 librariorum
1251 467 1333 546 apud

235 565 396 646 scriptores
409 567 486 628 forte
500 567 634 626 omissam
649 585 726 626 esse:
748 567 827 646 quod
840 567 935 647 ipsum
949 587 996 626 me
1009 565 1166 646 aliqnando
1182 585 1236 644 per
1248 585 1331 626 erro·

240 683 301 726 rem
316 675 443 743 putasse,
458 681 516 724 non
530 663 706 724 diffitebor.”
729 665 983 744 Quemadmodum
1000 677 1100 724 autem
1120 664 1264 743 ellipsinm
1285 665 1330 745 ig·

239 761 352 822 noratis
366 759 456 820 malas
470 760 723 840 interpretationes
736 773 767 822 et
781 763 999 824 emendationes
1013 781 1224 842 nonnunquam
1238 783 1329 844 pepe·

239 859 290 920 rit:
312 860 354 920 ita
367 871 471 920 contra
484 859 678 920 observationi
691 859 835 939 ellipsium
848 881 926 940 sepe
939 861 970 919 id
983 860 1119 921 debuisse
1132 860 1209 921 viros
1223 861 1331 924 doctos

238 955 504 1031 animadvertimus,
521 971 554 1018 ut
567 959 649 1020 locos
672 970 825 1039 corruptos
838 957 1004 1018 felicissime
1022 958 1220 1018 restituerent.
1263 959 1326 1018 Ex·

240 1055 337 1134 emplo
351 1055 433 1116 locus
448 1057 583 1137 Xenopb.
599 1057 718 1137 Ephesii
732 1075 796 1118 esse
810 1064 917 1132 potest,
932 1053 982 1132 qui
996 1054 1069 1112 Obs.
1084 1053 1175 1113 Misc.
1195 1055 1261 1115 Vol.
1287 1055 1325 1116 V.

239 1173 270 1232 p.
285 1157 334 1214 25.
349 1155 532 1215 emendatur.

280 1252 444 1326 Hactenus,
459 1268 599 1334 quantum
613 1255 749 1314 doctrina
760 1254 799 1313 de
812 1253 960 1332 ellipsibus
973 1252 1000 1313 ei
1015 1253 1133 1312 utilitati
1147 1252 1194 1325 sit,
1209 1251 1259 1332 qui
1273 1273 1324 1312 ve-

238 1363 316 1412 teres
326 1365 461 1413 auctores
470 1354 543 1432 legit
556 1365 587 1413 et
600 1353 740 1433 explicat,
753 1362 902 1412 ostensum
916 1362 973 1419 est;
994 1370 1084 1424 nnnc,
1106 1364 1245 1431 quantum
1269 1352 1323 1411 bo·

237 1447 303 1506 nori
317 1467 351 1508 ac
365 1449 449 1508 fumae
464 1462 617 1510 auctorum
632 1450 775 1522 consulat,
790 1448 890 1528 paucis
914 1448 1114 1526 expediemus.
1158 1448 1323 1508 'Neminem

237 1543 324 1622 fugit,
338 1547 452 1626 quoties
466 1559 496 1606 et
517 1558 629 1608 veteres
649 1559 801 1608 anctorum
827 1555 1019 1617 enarratores,
1044 1557 1075 1606 et
1098 1559 1206 1606 nostrae
1230 1549 1325 1608 atatis

233 1647 429 1723 grammatici,
443 1647 494 1707 ubi
507 1667 546 1707 ex
554 1646 798 1727 preceptionibus
810 1645 869 1703 suis
880 1643 988 1702 nullam
999 1643 1134 1704 idoneam
1142 1647 1325 1724 quarundam

234 1742 394 1805 formarum
408 1745 547 1822 loquendi
561 1746 703 1810 rationem
716 1744 839 1804 reddere
853 1755 984 1822 possunt,
998 1743 1037 1802 ad
1050 1745 1257 1816 soloecismum,
1271 1757 1326 1805 aut

236 1855 326 1912 certe,
343 1843 373 1904 si
381 1844 532 1904 modestiae
545 1845 661 1904 laudem
675 1845 814 1904 tuendam
828 1853 944 1922 putant,
965 1843 1003 1902 ad
1025 1847 1197 1918 σολοικοφανὲς
1220 1847 1325 1904 confa-
1410 1913 1411 1916 Ἴ

234 1941 328 2018 piant,
342 1940 502 2020 priscisque
516 1943 695 2014 auctoribus,
711 1941 840 2002 omniurn
854 1941 986 2019 leporum
1000 1940 1152 2019 omnisque
1166 1941 1323 2018 elegantiae

235 2037 414 2116 parentibus,
429 2039 607 2100 teterrimam
616 2040 693 2100 hanc
707 2038 846 2098 orationis
859 2050 971 2117 pestem
984 2037 1132 2116 affingant.
1175 2038 1235 2098 Sed
1251 2039 1324 2098 mibi
1410 2073 1411 2076 =

235 2138 407 2216 religionem
421 2159 523 2200 eorum
536 2140 620 2200 valde
634 2141 750 2222 placere
764 2140 913 2220 profiteor,
928 2137 977 2218 qui
998 2157 1056 2198 non
1080 2139 1136 2197 nisi
1159 2137 1261 2198 timide
1284 2157 1322 2197 ac
1358 2167 1361 2172 ·

236 2233 404 2296 dubitanter
417 2236 471 2296 sibi
484 2236 651 2296 faciendum
671 2257 734 2298 esse
749 2249 881 2308 censent,
902 2248 935 2295 ut
948 2236 1003 2295 illie
1024 2235 1167 2296 sermonis
1186 2236 1255 2294 vitia
1268 2250 1322 2296 ert-

233 2334 384 2412 probrent.
430 2335 547 2395 Deinde
568 2355 655 2396 nemo
675 2355 739 2396 esse
756 2336 863 2414 justius
883 2335 1043 2414 negaverit,
1065 2335 1323 2413 grammaticorum

233 2431 431 2494 cavillationes
458 2435 497 2494 ad
523 2446 655 2494 veterum
680 2435 800 2514 scripta,
833 2453 919 2514 qnam
944 2434 1009 2493 hac
1036 2433 1074 2492 ad
1098 2433 1167 2492 istas
1191 2432 1320 2512 exigere
1410 2433 1411 2450 ¹

234 2529 391 2604 Praeterea,
406 2531 461 2592 etsi
476 2551 526 2592 eos
540 2533 686 2593 interdum
700 2533 825 2592 libenter
837 2532 915 2611 lego,
930 2532 979 2610 qni
993 2530 1097 2590 similia
1111 2531 1140 2588 in
1154 2530 1321 2609 linguisob·
1410 2551 1411 2576 ¹

232 2641 358 2699 servant,
373 2632 515 2712 nobisque
536 2637 676 2707 eusimio
699 2631 858 2691 identidem
879 2631 1038 2702 inculcant,
1065 2641 1219 2708 propterea
1239 2629 1320 2708 quod

232 2728 398 2807 linguarum
411 2730 540 2791 studium
553 2730 667 2788 facilins
691 2729 833 2788 efficiunt:
864 2729 972 2786 frustra
994 2739 1092 2786 tamen
1115 2745 1165 2785 eos
1187 2727 1320 2786 laborare
1410 2763 1411 2796 ,

233 2828 403 2899 certoscio,
417 2827 518 2906 quide
539 2838 603 2886 tota
622 2827 719 2906 aliqua
740 2826 838 2906 lingua
857 2838 996 2905 tanquam
1020 2823 1142 2884 scientia
1165 2825 1319 2904 preceptis
1410 2825 1411 2834 ’

234 2926 400 2986 coercenda
414 2925 556 3004 cogitant,
570 2926 639 3005 qnia
652 2945 877 3005 nsusnunquom
886 2923 1142 3003 grammaticorum
1156 2924 1265 3004 regulis
1279 2924 1321 2983 ita
1410 2905 1411 2936 ³

233 3025 374 3104 adstringi
387 3037 495 3105 potest,
510 3026 579 3106 quin
593 3045 670 3104 srepe
684 3025 718 3083 iis
737 3044 769 3084 se
793 3023 920 3084 solutum
942 3043 1004 3082 esse
1029 3023 1171 3082 ostendat
1214 3021 1320 3103 Itaque
1410 3085 1411 3092 χ

233 3125 416 3186 cousuetudo
426 3145 513 3205 qnam
523 3124 678 3203 sepissime
687 3122 797 3182 tuenda
810 3135 865 3194 est,
880 3141 955 3201 quae,
970 3121 1068 3180 sinon
1081 3121 1112 3179 in
1125 3120 1270 3194 omnibns,
1285 3133 1319 3180 ut

233 3221 328 3282 Varro
341 3235 425 3302 putat
438 3223 517 3304 apud
531 3223 608 3283 Gell.
623 3223 664 3285 11.
677 3225 727 3284 25.
742 3232 840 3282 tamen
854 3221 883 3278 in
898 3219 997 3280 multis
1006 3219 1182 3280 dominatur.
1224 3220 1318 3280 Deni-
1410 3215 1411 3268 ἶ

233 3337 290 3398 que
305 3321 354 3379 ubi
368 3321 496 3400 ipsorum
510 3321 765 3400 grammaticorum
785 3319 997 3399 preceptiones
1018 3317 1160 3378 rationem
1183 3337 1219 3402 ap
1241 3319 1319 3380 viam

231 3417 315 3495 quasi
329 3430 501 3491 monstrant,
515 3431 627 3478 veteres
642 3431 777 3480 auctores
790 3429 893 3476 contra
907 3417 1065 3496 impactum
1079 3416 1147 3496 ipsis
1157 3416 1316 3478 soloecisrui

232 3514 342 3574 crimen
356 3515 541 3585 defendendi,
557 3515 717 3576 hanoviam
732 3515 917 3594 cupidissime
930 3515 1012 3594 sequi
1027 3526 1256 3574 consentaneum
1270 3535 1317 3578 es·
1410 3525 1411 3534 ³

230 3633 261 3674 se
276 3614 420 3687 ducimus,
434 3627 464 3674 et
478 3613 517 3674 ad
530 3613 654 3674 officium
668 3625 798 3672 nostrum
819 3614 974 3692 pertinere.
1017 3613 1099 3672 Huic
1121 3611 1215 3674 officio
1237 3633 1318 3674 nnnc
1410 3683 1411 3688 ἵ

230 3731 288 3770 non
297 3712 452 3772 deerimus.
474 3712 631 3772 Videamus
637 3712 721 3772 locos
729 3723 872 3783 veteram,
885 3711 935 3792 qni
946 3711 1140 3789 grammaticis
1148 3710 1315 3785 soloecismi,

230 3821 281 3868 aut
295 3811 465 3878 erramina
480 3810 596 3871 nomine
610 3809 744 3870 videntur
754 3810 882 3890 suspecti
902 3828 975 3870 esse.
1021 3809 1169 3868 Homerus
1185 3823 1225 3870 ra.
1239 3823 1273 3870 a.
1288 3829 1314 3870 v.
1410 3831 1411 3842 ¹

229 3911 278 3969 48.

294 4073 333 4124 Tin
344 4069 361 4122 i*
374 4075 549 4139 &cupediarios
561 4075 655 4142 epniprr
666 4075 739 4141 aptius
748 4075 902 4138 ’Δγιμίμναν

292 4155 353 4222 Xpsrl
362 4159 443 4212 βονλοῖς
457 4159 493 4220 ipsi
504 4159 543 4206 ul
554 4159 585 4212 ri,
596 4155 700 4222 discerpis
712 4153 732 4204 el
741 4156 843 4204 Murius.

291 4286 368 4336 Hunc
378 4297 460 4336 autom
471 4287 616 4350 respondens
626 4287 743 4336 allocutus
754 4295 790 4334 est
799 4301 841 4334 rex
852 4295 1026 4348 Agamemnon.

291 4371 361 4433 Opus
372 4381 407 4420 est
417 4372 516 4422 consilio
527 4383 552 4421 et
564 4371 624 4420 mibi
635 4380 660 4420 et
671 4371 722 4428 tibi,
734 4369 802 4420 Jovis
811 4368 917 4428 alumne,
927 4383 943 4416 n
955 4364 1075 4415 Menelao.
