2844 4888
226 193 291 258 sni
545 193 774 256 PRAEFATIO
802 195 1015 258 LElSNERI.

223 365 360 438 otismttm
373 366 543 438 admittunt,
565 383 735 444 grecosque
748 385 808 426 non
821 367 916 426 solum
937 365 1146 440 accusativum,
1168 366 1211 427 uti
1231 366 1322 430 launi

221 463 295 537 fere,
315 466 367 526 sed
382 466 470 526 etiam
484 464 706 539 nominativum,
727 465 815 524 immo
830 477 944 525 ceteros
960 485 1043 526 casus
1053 470 1179 545 jungere
1193 467 1321 538 infiniti.

222 563 278 632 vis,
300 563 521 636 nominativum,
535 562 666 642 iuquam,
680 561 841 640 etquidem
857 573 931 634 tum,
946 583 1036 646 quum
1049 564 1245 624 nominativus
1260 563 1317 624 ali-

221 662 286 743 quis
300 663 346 720 vel
359 661 511 742 precedit,
521 660 566 720 vel
582 661 613 718 in
626 660 860 739 procedentibus
874 661 1077 740 supprimitun
1097 681 1152 740 pro
1163 663 1318 724 infinitivis

220 771 320 821 autem
341 759 371 818 in
384 759 526 840 ejmmodi
539 757 737 818 locutionibus
751 757 873 818 Grecos
887 758 1058 838 frequenter
1071 759 1160 820 etiam
1182 762 1232 822 uti¹
1244 779 1317 840 par·

221 860 337 940 ticipiis.
359 863 426 926 Qua
439 860 477 920 de
492 881 523 920 re
537 860 667 940 pluribus
681 859 742 937 agit
755 859 874 919 Jensius
889 859 975 920 Lect.
990 861 1065 922 Luc.
1079 861 1104 919 1.
1119 864 1148 924 7.
1162 880 1192 939 p·
1205 863 1225 924 7
1228 864 1256 920 3.
1271 880 1319 940 sq·

223 1005 227 1012 .
260 957 343 1016 Nihil
356 957 483 1036 ambigo,
498 977 549 1018 eos
562 957 650 1016 etiam
663 956 775 1034 fingere
788 955 914 1035 ellipsas,
929 956 990 1036 qui,
1006 958 1056 1018 ubi
1070 959 1241 1018 nominativi
1258 961 1314 1020 ab·

219 1055 308 1116 soluti
321 1067 490 1128 occurrunt,
511 1055 551 1114 ibi
565 1055 667 1114 deesse
680 1056 799 1114 verbum
816 1055 1026 1115 substantivum
1044 1055 1156 1116 dicunt.
1199 1056 1314 1118 Exem-

218 1153 268 1232 plo
281 1153 320 1212 sit
333 1153 416 1212 locus
431 1153 545 1212 Eccles.
560 1152 601 1211 11.
618 1157 666 1214 16.
685 1155 723 1212 Αἱ
739 1153 825 1236 sinigas
846 1154 988 1235 ignigenas,
1009 1158 1044 1215 nl
1065 1157 1153 1216 wilm
1173 1157 1316 1224 iusim.

217 1244 238 1312 i.
254 1253 399 1330 afnima
412 1260 535 1330 tempore
548 1250 642 1310 omnia
657 1247 791 1310 oblivioni
800 1251 965 1310 tradantur.
1010 1253 1070 1312 llic
1079 1253 1230 1313 substituit
1242 1273 1311 1314 ver-

215 1346 287 1408 bum
300 1346 372 1419 ins.
414 1347 518 1407 Lamb.
534 1348 605 1420 Bos,
619 1359 651 1406 ut
665 1347 716 1409 sit:
735 1351 765 1408 si
778 1347 865 1430 inrigua
879 1349 1009 1430 ἔςχέμιιιι
1023 1347 1096 1419 ἔην.
1139 1353 1234 1416 Quam
1254 1369 1311 1411 ex·

216 1447 404 1527 plicationem
417 1447 479 1506 scio
494 1445 641 1504 duriorem
655 1445 859 1524 plerorumque
871 1445 983 1524 judicio
996 1464 1070 1520 cese,
1090 1465 1177 1526 quam
1192 1458 1226 1507 ut
1239 1467 1310 1528 pos·

216 1545 255 1607 sit
267 1546 393 1626 macerer
432 1550 469 1607 Αἱ
482 1545 569 1628 ipisus
583 1545 712 1628 laisum
726 1554 795 1603 sunt
813 1542 983 1602 nominativi
1004 1544 1140 1616 absoluti,
1162 1565 1214 1604 seu
1236 1565 1311 1606 con·

217 1646 388 1724 sequentia,
402 1662 456 1723 pro
470 1648 516 1704 riv
531 1646 622 1725 ἑμιςῧι
637 1643 780 1725 lexogium.
820 1641 948 1707 Quidam
969 1640 1088 1700 codices
1108 1643 1229 1715 habent,
1249 1653 1310 1715 αῖς

216 1747 316 1828 spbar,
330 1749 387 1810 nt,
399 1742 551 1826 immissa„
572 1738 675 1798 εοιίειιι
694 1757 791 1812 sensu,
813 1739 882 1818 quia
902 1737 1016 1798 Grecis
1029 1738 1117 1798 edam
1132 1739 1220 1800 dativi
1234 1759 1310 1802 can·

214 1839 374 1921 sequentiae
386 1857 447 1898 non
460 1846 529 1896 sunt
542 1835 681 1895 inusitati.

257 1937 318 1997 Sed
330 1953 420 2016 quum
430 1934 555 2006 videam,
574 1933 663 1994 et'mm
676 1933 742 1994 Jac.
756 1933 914 2007 Perizonii,
935 1935 988 1993 viri
1003 1945 1102 1994 nostra
1115 1935 1202 1995 laude
1215 1936 1308 2016 longe

214 2033 342 2114 majoris,
356 2051 393 2094 eo
406 2033 534 2092 animum
549 2030 698 2102 inclinare,
714 2044 747 2090 ut
761 2032 791 2090 in
805 2032 859 2091 illis
873 2033 1044 2112 participiis,
1063 2011 1157 2112 quiin
1172 2035 1306 2098 nomina·

215 2132 275 2193 tivo
290 2130 424 2191 absolute
437 2130 500 2190 sios
514 2129 604 2189 verbo
619 2139 779 2208 ponuntur,
799 2141 832 2190 et
844 2149 898 2208 pro
912 2131 1049 2208 genitivis
1066 2131 1215 2204 absolutis,
1237 2149 1308 2192 nos·

215 2245 262 2294 tra
275 2232 393 2316 quidem
407 2230 562 2303 sententia,
576 2229 763 2301 adhibentur,
777 2242 864 2309 putet
877 2231 999 2309 intelligi
1014 2232 1134 2290 verbum
1148 2230 1309 2290 substanti·

212 2330 303 2391 tivum
317 2349 415 2409 posse;
432 2332 516 2408 juvat
529 2327 657 2387 breviter
675 2347 834 2407 exponere,
857 2347 909 2388 cur
930 2349 948 2388 a
968 2329 1052 2388 nobis
1072 2328 1228 2406 impetrare
1249 2345 1304 2388 ne-

213 2448 364 2511 queamus,
378 2440 411 2488 ut
431 2427 509 2488 illam
528 2426 701 2488 sententiam
723 2426 889 2506 probemus.
932 2427 980 2486 Ne
1000 2425 1064 2504 quis
1084 2425 1174 2504 igitur
1191 2438 1306 2486 temere

212 2528 332 2591 atauus
351 2527 419 2588 viris
439 2547 492 2587 nos
512 2525 665 2586 dissentire
687 2525 845 2599 existimet,
867 2545 921 2605 age
943 2525 1044 2604 paucis
1064 2523 1176 2603 accipe,
1198 2524 1304 2595 lector,

212 2627 317 2709 quibus
335 2625 516 2706 potissimum
536 2623 697 2684 rationibus
717 2623 907 2685 confidamus.
948 2622 1089 2693 Primum,
1113 2621 1306 2702 quemadmo-

210 2725 280 2784 dum
295 2722 396 2802 optimi
411 2739 573 2802 graecorum
587 2721 762 2799 scriptorum
776 2740 835 2781 non
849 2720 1039 2780 abhorrente
1052 2719 1156 2780 dativis
1171 2731 1201 2780 et
1212 2735 1304 2778 aceu-
1411 2779 1412 2796 χ

209 2819 308 2880 sativis
323 2819 475 2879 absolutis:
495 2821 537 2878 ita
555 2837 613 2877 uec
632 2817 825 2878 nominativos
847 2819 994 2878 absolutos
1015 2817 1102 2896 genio
1122 2837 1227 2898 grace
1246 2815 1305 2874 lin-

208 2937 276 2998 guae
289 2935 463 2994 repugnare,
482 2927 595 2977 certum
611 2915 759 2976 habemus.
803 2918 878 2983 Quae
892 2916 980 2989 enim,
1002 2933 1111 2994 quaeso,
1133 2916 1238 2976 idonea
1251 2933 1301 2976 ra·

208 3015 252 3076 tio
266 3025 354 3089 esset,
369 3033 422 3074 cur
435 3012 501 3093 quis
515 3013 628 3072 dstivos
641 3024 672 3071 et
689 3013 871 3073 accusativos
885 3012 1111 3093 consequentias,
1126 3032 1186 3072 non
1200 3025 1302 3074 sutem

208 3114 402 3174 nominativos
415 3109 599 3172 admitteret?
643 3109 716 3170 Dari
730 3123 829 3171 autem
843 3110 927 3183 tales,
944 3123 1004 3170 tam
1015 3110 1139 3185 dativus,
1153 3131 1240 3192 quam
1251 3131 1304 3173 ac·

207 3211 365 3284 cusativos,
382 3206 510 3269 ostendit
532 3207 669 3288 Sylburg.
689 3208 727 3268 ad
748 3209 873 3270 Pausan.
894 3230 923 3288 p.
948 3215 1017 3272 930.
1040 3213 1110 3274 931.
1154 3209 1304 3292 Exempla

207 3309 441 3370 accusativorum
455 3305 672 3384 consequentia
685 3305 775 3366 habes
786 3307 875 3366 etiam
889 3307 966 3386 apud
978 3307 1113 3388 Xenoph.
1128 3309 1301 3388 ’mmm-

205 3408 248 3467 ΙΙ.
264 3427 291 3466 c.
305 3410 334 3466 2.
350 3408 379 3485 t.
399 3409 445 3464 13.
459 3415 490 3462 et
505 3421 532 3462 c.
545 3407 575 3464 3.
591 3405 620 3482 §.
635 3409 664 3464 3.
698 3405 779 3471 Quid
792 3405 815 3464 si
830 3404 894 3485 quis
909 3405 998 3479 dicat,
1013 3408 1043 3465 in
1057 3408 1229 3468 accusativis
1243 3407 1301 3468 illis
1411 3467 1412 3495 ,

201 3505 343 3568 absolutis
359 3500 592 3564 subaudiendum
607 3522 670 3562 esse
683 3505 816 3582 patina,
834 3505 879 3563 vel
893 3508 992 3582 μθὸι,
1015 3518 1066 3566 aut
1080 3506 1175 3575 iiiive,
1198 3507 1244 3567 vel
1262 3512 1298 3567 ,s-
1411 3511 1412 3522 ¹

203 3603 271 3673 iu'ei
313 3604 349 3663 ld
363 3600 387 3662 si
401 3599 490 3671 dicat,
505 3617 564 3658 non
577 3600 672 3659 solum
685 3601 769 3660 istam
784 3601 897 3681 ellipsin
912 3603 1128 3664 omnibuslocis
1138 3603 1297 3665 convenire
1411 3587 1412 3622 ³

204 3705 388 3785 negabimus,
402 3719 503 3762 verum
517 3700 605 3760 etiam
619 3701 731 3761 dativos
745 3703 962 3782 consequentias
976 3705 1155 3783 urgebimus,
1169 3703 1224 3762 nisi
1235 3703 1300 3776 cui,
1411 3725 1412 3730 ¹

201 3805 289 3866 edam
302 3805 332 3868 in
350 3801 396 3862 his
410 3799 523 3882 ellipsin
537 3799 673 3881 aliquam,
688 3821 716 3861 v.
731 3821 759 3860 c.
772 3801 984 3880 propositionis
998 3806 1050 3872 siv,
1067 3801 1248 3881 confingere,
1265 3801 1296 3860 in

200 3913 328 3961 mantem
348 3899 455 3959 veniat.
499 3897 622 3970 Verum,
644 3910 677 3958 ut
697 3899 857 3958 lrbersliter
877 3918 1007 3978 agamus,
1028 3901 1162 3960 novimus
1183 3919 1297 3973 omnes,

200 4019 259 4081 qua
278 3999 336 4060 sint
355 3999 433 4057 inter
458 3996 663 4076 grammaticos
683 3998 860 4058 auctoritate
882 3998 1055 4080 Sylburgius
1079 4011 1110 4060 et
1137 3999 1297 4074 Kusterus,
1411 4011 1412 4046 l

200 4118 325 4182 quorum
344 4108 449 4158 neuter
462 4093 654 4156 nominativos
668 4093 886 4173 consequentia
900 4095 1056 4157 admittere
1076 4095 1200 4155 dubitat.
1240 4095 1297 4156 Ille

199 4200 356 4260 nobiscmn
369 4193 459 4255 sentit
472 4193 510 4253 ad
526 4193 650 4252 Pausan.
674 4192 769 4254 Attio.
790 4211 816 4253 c.
842 4198 887 4252 14.
907 4213 936 4272 p.
961 4199 1010 4256 35.
1032 4194 1081 4253 hic
1100 4213 1170 4254 vero
1190 4193 1230 4254 ad
1250 4195 1296 4252 A.

196 4297 318 4382 ristopb.
331 4295 410 4356 Plut-
424 4293 494 4358 art.
541 4290 635 4352 Porro
649 4291 795 4352 Kasterus
808 4309 841 4352 se
855 4309 891 4352 ea
906 4291 936 4350 in
957 4311 989 4352 ra
1009 4291 1082 4354 alios
1102 4289 1296 4374 locupletissi-
