2844 4888
223 225 252 290 ri
339 171 345 180 Ι
603 222 828 284 PRAEFATIO
852 223 974 286 noslt.

225 393 410 474 ignoratione
423 403 513 465 ortos,
527 411 580 452 suo
596 392 664 453 loco
682 393 780 472 plures
793 393 1006 454 adnotabimus.
1036 394 1132 454 Nemo
1147 393 1246 472 igitur,
1261 396 1315 475 qui
1407 435 1408 446 r

223 497 344 556 Groeces
360 493 462 552 Musas
476 492 523 551 vel
536 511 554 552 a
567 491 665 550 limine
679 492 824 564 salutavit,
839 513 899 553 non
912 492 1003 566 videt,
1018 511 1105 588 quum
1123 494 1245 570 cognitu
1259 513 1315 554 ne·

224 591 381 654 cessarium
394 590 433 650 sit
447 591 598 652 Arcanum
613 589 749 672 Ellipsios
763 590 802 663 ei,
816 590 866 672 qui
880 611 948 650 cum
961 592 1061 651 fructu
1075 591 1172 652 literas
1192 593 1316 654 Graecas

222 701 351 752 tractare
360 687 444 747 velita
463 688 572 766 absque
582 706 618 746 eo
627 685 704 748 enim
714 707 863 766 nunquam
876 689 914 748 ad
927 688 1148 748 abditaillarum
1162 689 1315 752 literarum

222 798 378 870 penetrare
390 804 422 844 se
435 785 553 864 poterit,
567 805 715 864 nunquam
725 783 825 845 felices
836 785 865 842 in
876 785 910 844 iis
918 805 1087 865 progressus
1100 787 1200 860 faciet,
1214 809 1313 870 neque
1407 819 1408 830 κ

221 885 386 946 aduertam
400 880 558 942 earundem
573 883 772 960 coguitionem
786 883 945 962 perveniet.
979 885 1091 945 Contra
1101 886 1205 964 ea,qui
1219 888 1314 965 probe

221 995 353 1042 versatus
365 981 454 1040 fuerit
467 979 497 1039 iu
512 980 647 1040 doctrina
658 980 810 1061 Ellipsios,
821 1001 867 1039 nae
878 981 904 1040 is
914 986 1024 1060 majore
1036 1002 1103 1042 cum
1113 983 1212 1043 fructu
1222 983 1314 1042 libros
1407 1011 1408 1014 ¹

224 1081 398 1142 Graecorum
411 1078 502 1159 leget,
517 1089 547 1136 et
562 1078 729 1138 solidiorem
750 1077 806 1137 sibi
827 1078 940 1139 Graecae
963 1080 1089 1159 Linguae
1113 1080 1314 1160 cognitionem
1407 1093 1408 1104 ¹

222 1178 366 1258 acquiret,
380 1176 468 1254 idque
481 1185 513 1234 et
526 1175 655 1236 faciliore
668 1175 761 1236 multo
776 1176 926 1249 methodo,
941 1188 972 1236 et
992 1177 1117 1238 certiore
1137 1177 1312 1236 fundamen·
1407 1165 1408 1240 i

221 1285 268 1347 tc,
282 1294 369 1354 quam
383 1273 445 1332 lieri
460 1273 547 1353 vulgo
561 1274 676 1334 assolet
719 1273 795 1332 Nam
816 1273 903 1333 facile
926 1273 1039 1333 carebit
1058 1274 1188 1353 plurimis
1202 1274 1310 1334 Gram·
1407 1277 1408 1317 l

222 1374 395 1433 maticomm
422 1372 541 1450 regulis,
568 1370 802 1452 exceptionibus,
830 1383 862 1432 et
888 1371 1148 1445 observationibus,
1183 1391 1308 1452 quarum

221 1470 369 1550 pleraeque
388 1469 478 1542 falsa,
503 1469 628 1542 insulsa,
648 1473 757 1550 jejunae
775 1469 930 1528 utinense
950 1478 1028 1541 sunt,
1050 1487 1173 1548 quoeque
1194 1469 1310 1530 discen·

223 1566 297 1628 tium
325 1567 493 1626 memoriam
520 1586 579 1626 non
607 1567 794 1626 mediocriter
821 1575 991 1644 aggravant,
1021 1577 1050 1624 et
1072 1566 1237 1646 legentibus
1258 1579 1310 1627 tre·

221 1663 347 1725 diuinet
361 1665 508 1725 fastidium
526 1666 650 1744 pariunt.
693 1665 841 1724 Praeterea
865 1664 996 1724 obscuris
1012 1665 1117 1729 ¹multis
1142 1668 1309 1746 Auctorem
1407 1711 1408 1730 r

221 1763 295 1823 locis
307 1764 405 1822 lucem
417 1763 519 1824 afferet
533 1763 669 1843 Ellipsios
682 1761 796 1823 notitia.
838 1763 937 1828 Quum
958 1761 1047 1839 igitur
1067 1762 1214 1823 videretur
1238 1763 1311 1822 rn'ihi

222 1861 280 1921 boc
293 1862 387 1941 ipsum
402 1861 559 1922 desiderari
578 1861 609 1919 in
624 1861 746 1933 Grecis,
765 1861 852 1944 (lieet
865 1861 904 1919 de
920 1860 1023 1938 Ellipsi
1038 1860 1143 1920 Groeca
1155 1865 1215 1940 jam
1230 1881 1310 1941 quoe·

224 1958 291 2020 dam
305 1958 490 2020 tradidissent
503 1959 567 2018 Viri
580 1959 670 2029 docti,
686 1971 718 2020 ut
733 1959 775 2018 H.
798 1959 962 2038 Stephanus
976 1959 1006 2016 in
1022 1959 1209 2038 Appendice,
1224 1959 1310 2019 Glae-

221 2056 282 2118 sius
295 2055 325 2114 in
339 2057 539 2116 Grammatica
553 2057 643 2117 Sacra
655 2057 730 2138 etc.)
748 2056 828 2135 quod
841 2055 1025 2116 laudabiliter
1038 2056 1069 2113 in
1082 2057 1197 2116 Latinis
1209 2057 1309 2117 iecere

224 2153 490 2227 Virieruditissimi,
500 2155 672 2216 Franciscus
687 2155 823 2215 Sanctius
835 2153 865 2214 iu
880 2154 1017 2213 Minerva
1028 2165 1060 2213 et
1074 2155 1189 2234 Gasper
1203 2155 1308 2234 Sciop-

223 2255 288 2336 pius
296 2253 327 2312 in
338 2253 537 2318 Grammatica
551 2253 755 2334 Pbilosopbica
764 2254 817 2334 *):
839 2271 939 2312 curam
953 2271 1047 2310 means
1062 2264 1093 2312 et
1104 2253 1234 2313 studium
1249 2253 1309 2312 buc

223 2352 345 2424 contuli,
360 2364 394 2412 ut
406 2352 549 2432 ellipticas
556 2351 694 2431 loquendi
702 2353 819 2424 formas,
830 2371 895 2430 quse
907 2351 978 2409 mihi
987 2352 1017 2410 in
1025 2351 1157 2430 legendis
1170 2353 1308 2413 Auctori-

224 2451 278 2510 bus
292 2451 405 2510 Grecis
418 2450 622 2522 occurrebant,
636 2448 756 2508 seorsim
770 2443 940 2508 adnotarem
951 2448 1115 2527 diligenter,
1127 2463 1157 2510 et
1171 2451 1308 2530 supplen-

224 2547 264 2609 do
277 2549 439 2610 necessaris
451 2549 490 2609 ad
502 2548 617 2628 plenam
631 2559 808 2607 structuram
823 2545 972 2618 referrem,
993 2546 1179 2627 easdemque,
1198 2548 1249 2606 ubi
1263 2548 1307 2606 in·

224 2657 322 2726 tegras
341 2647 531 2727 reperiebam,
552 2646 770 2725 subjungerem,
788 2655 928 2722 sequutus
953 2642 983 2701 in
1009 2644 1066 2702 hoc
1087 2643 1148 2704 lere
1175 2643 1306 2704 ordinem

224 2741 288 2801 Viri
311 2745 399 2804 modo
418 2743 539 2815 laudati,
561 2742 707 2802 Francisci
729 2740 851 2812 Sanctii,
871 2741 931 2800 κατ’
950 2742 1101 2813 eaodem
1125 2741 1306 2820 disponendo

224 2859 321 2912 voces,
342 2861 409 2920 quat
428 2840 624 2920 intelligendas
645 2839 856 2918 relinquuntur.
908 2839 959 2898 Ad
978 2838 1042 2899 haec
1062 2840 1091 2898 in
1120 2841 1305 2900 commodum

219 2939 381 3019 juventutis
394 2941 542 3013 panianum
555 2937 694 2997 subtexui
707 2937 844 3011 indicem,
858 2937 888 2996 in
909 2957 967 3017 quo
988 2939 1079 3017 quaeri
1098 2951 1219 3018 possunt
1243 2939 1304 2998 dic·

222 3035 317 3096 tiones
330 3047 360 3095 ot
373 3036 491 3116 phrases
511 3033 655 3114 ellipticae.

265 3134 403 3196 Ceterum
417 3133 446 3192 in
460 3132 590 3192 secunda
602 3132 659 3190 bac
671 3113 800 3192 editione
820 3135 953 3213 quedam
972 3133 1082 3206 addidi,
1103 3136 1222 3206 mutavi,
1237 3157 1301 3196 cor·

224 3231 298 3304 resi,
313 3251 378 3312 quae
391 3231 420 3289 in
434 3230 531 3310 priore
551 3228 726 3289 omiserant
746 3231 841 3290 minus
862 3244 1000 3292 accurate
1021 3233 1100 3293 dicta
1120 3233 1301 3294 videbantur.

220 3331 304 3403 Vale,
320 3331 392 3390 Ben.
407 3331 492 3390 Lect.
507 3341 538 3390 et
551 3329 643 3388 labori
656 3337 767 3403 nostro,
781 3331 806 3391 ri
819 3331 944 3404 videtur,
958 3331 1032 3391 fave.
1063 3332 1179 3392 Dabam
1194 3333 1301 3394 Frene-

223 3448 331 3510 quera,
347 3429 440 3490 Nonis
453 3427 550 3490 Juniis
564 3427 753 3492 cloloccxrr.

255 3649 269 3674 ⁸
288 3643 381 3694 Prosilit
395 3653 419 3693 st
436 3643 542 3692 Zitrarlre
553 3641 578 3689 in
591 3647 636 3689 tro
649 3644 719 3707 casp.
731 3645 835 3706 Scloppii
847 3645 971 3694 Arcanum
983 3644 1166 3708 grammaticum
1178 3644 1208 3694 de
1219 3642 1303 3710 ellipsi,

219 3725 276 3760 oum
288 3705 480 3760 adnotationibus
493 3707 556 3760 Phil.
568 3707 705 3760 Mnnckeri.
738 3711 818 3760 Mica.
