2844 4888
387 231 614 294 PRAEFATIO
636 231 849 295 LElSNERI.
1132 235 1185 296 xix

80 419 147 462 aon
160 409 243 474 sumt,
260 419 301 460 ex
314 345 446 482 5⁸,qu
457 403 573 462 traditae
586 413 664 475 sunt,
685 403 767 472 nullo
781 403 901 484 negotio
915 415 1052 477 assumet,
1073 423 1181 484 easque
1267 463 1274 476 ,

80 519 148 560 aute
160 499 368 563 exercitationi
382 499 733 562 etsimilitudiuirelict'as
743 504 1071 582 esse,nouaegreferct.
1094 505 1187 577 Nam,¹
1296 531 1307 552 ο

79 617 177 676 quum
192 617 295 658 omues
308 599 370 658 fere
383 609 489 658 natura
501 600 544 658 sic
562 601 721 678 comparati
742 602 840 673 simus,
862 613 894 660 ut
908 602 1117 680 perfundamur
1130 601 1183 660 ali·

79 713 144 772 qaia
157 695 321 774 voluptate,
335 695 450 774 quoties
462 696 518 775 ipsi
532 697 642 776 aliquid
655 698 701 758 vel
716 699 889 772 invenimus,
903 701 950 760 vel
964 702 1087 760 inventis
1098 701 1179 760 addi-

78 794 197 854 dimus:
216 795 441 874 relinquendum
463 795 572 874 aliquid
592 815 663 856 saue
683 798 827 858 lectorum
842 811 1008 860 nostrorum
1022 796 1181 879 diligentiae

79 905 113 954 et
129 893 287 966 exercitio,
308 913 364 954 uec
378 894 621 954 committendum
634 907 690 967 est,
713 909 745 956 ut
765 896 821 956 illis
834 896 1036 958 honestissima
1049 893 1180 984 hccspb·

78 992 207 1052 lectatio
220 1005 252 1050 et
265 991 465 1052 liberalissima
474 994 609 1072 voluptas
624 994 827 1074 intempestiva
836 1007 937 1055 nostra
945 995 1101 1056 sedulitate
1111 998 1182 1056 sub·

77 1091 229 1151 trebetam.
271 1091 348 1152 Novi
369 1111 457 1172 quam
478 1091 629 1170 plurimos,
650 1093 699 1172 qui
720 1113 752 1153 se
773 1094 883 1158 crebris
903 1094 1087 1172 pleonasmis;
1103 1095 1181 1155 illius

75 1193 247 1272 prasertim
261 1192 388 1272 generis,
402 1193 566 1272 cujusmodi
581 1205 650 1252 sunt
663 1193 693 1252 hi
708 1193 921 1256 AElianil.81.
937 1195 973 1252 V.
989 1194 1030 1252 H.
1045 1197 1078 1253 air
1095 1195 1116 1254 o
1136 1219 1180 1268 γι·

77 1295 165 1373 W
177 1299 225 1352 ul
239 1299 296 1374 angl
308 1298 353 1366 γίι
368 1291 516 1368 meipsam:
540 1292 581 1350 ll.
595 1297 645 1354 45·
659 1296 802 1366 φιλοπὸηκ
817 1300 863 1354 ω’
877 1293 1020 1375 Wlfflin?
1043 1291 1114 1350 ΧΠ.
1128 1295 1180 1350 64·

74 1393 112 1447 ui
128 1391 312 1472 rgsasffiim
326 1389 458 1462 civicam
472 1394 546 1450 αὑτὴ
560 1396 605 1451 ul
616 1392 733 1463 ἰξίπικ
750 1391 817 1449 novi
828 1391 928 1469 igitur,
940 1390 989 1470 qui
1000 1389 1105 1448 talibus
1116 1388 1179 1467 plc-

79 1487 210 1546 oussmis
224 1507 257 1548 se
271 1488 374 1547 dicunt
386 1487 505 1559 offendi,
519 1486 654 1566 ellipticia
664 1487 861 1548 locutionibus
872 1507 931 1546 non
942 1486 1058 1546 offendi.
1080 1489 1178 1552 Quam

76 1586 167 1644 aliam
181 1585 270 1667 hujus
285 1587 326 1646 rei
342 1605 406 1646 esse
419 1605 537 1646 causam
552 1585 694 1659 dicemus,
715 1587 770 1646 nisi
784 1587 871 1660 hanc,
894 1605 955 1658 eos,
977 1586 1026 1665 qui
1047 1585 1177 1664 elliptice

77 1681 255 1762 loquuntur,
276 1684 368 1744 videri
388 1684 454 1764 plus
467 1684 526 1744 suis
545 1685 591 1745 vel
606 1685 765 1744 lectoribus
779 1685 825 1744 vel
840 1683 1021 1744 auditoribus
1036 1683 1177 1756 tribuere,

76 1801 167 1860 qnam
182 1782 233 1861 qui
248 1781 440 1860 pleonastice;
461 1783 510 1862 qui
524 1781 710 1861 pleonasmos
730 1782 875 1854 adferant,
896 1799 1111 1859 supervacanea
1132 1779 1176 1838 di-

74 1899 155 1952 ccre,
178 1897 240 1938 non
253 1879 301 1938 via
313 1879 482 1939 brevissima
495 1877 643 1950 incede're,
665 1889 815 1940 ostentare
829 1881 986 1938 verborum
1008 1879 1122 1958 copiam
1144 1889 1176 1938 et

74 1976 237 2048 luxuriam,
253 1977 344 2036 videri
358 1977 517 2036 lectoribus
535 1977 705 2037 tarditatem
726 1977 872 2057 quandam
894 1989 924 2036 et
945 1977 1176 2037 imbecillitatem

73 2074 187 2153 ingenii
201 2076 391 2152 exprobrare,
406 2076 489 2153 quasi
503 2075 554 2147 nil,
566 2076 621 2134 nisi
634 2075 692 2135 alio
707 2087 796 2155 atque
807 2075 864 2136 elio
875 2073 977 2150 modo,
988 2075 1174 2155 propositum

74 2193 184 2254 capere
197 2175 327 2253 possint?

117 2271 289 2332 Similitudo
304 2285 402 2333 autem
416 2273 574 2334 multarum
595 2273 738 2355 ellipsium
753 2287 837 2336 taum
851 2286 906 2348 est,
927 2275 1087 2354 multaque
1106 2287 1174 2357 ogs·
1282 2251 1285 2258 Δ
1300 2259 1303 2269 ’
1412 2261 1413 2270 ¹

72 2375 204 2451 χυληάιι
226 2371 268 2430 ita
281 2371 319 2430 ad
333 2385 446 2432 certum
460 2374 587 2453 aliquem
601 2372 732 2446 modum,
747 2387 777 2433 et
798 2373 837 2434 ad
857 2393 948 2432 unum
969 2372 1059 2432 veluti
1074 2389 1175 2431 exem·

70 2469 152 2547 plum
167 2469 319 2528 adstrictae
329 2481 407 2541 sunt,
422 2482 454 2530 ut
469 2471 556 2530 facile
567 2490 628 2530 uuo
642 2471 739 2551 capite
754 2470 1015 2551 comprehendere,
1026 2468 1172 2548 simulque

72 2585 132 2627 una
152 2567 269 2646 regula,
292 2568 363 2648 quid
388 2569 573 2629 sentiendum
595 2570 632 2629 de
647 2570 712 2642 illis,
735 2581 785 2630 aut
818 2568 868 2648 qui
900 2567 1082 2646 explicanda
1104 2567 1172 2634 sint,

72 2665 218 2745 expedire
231 2665 332 2745 possis.
374 2667 449 2733 Quis
463 2666 579 2746 ignorat
593 2667 716 2728 Graecos
739 2665 946 2746 compendiose
960 2663 1069 2732 dicere,
1087 2672 1118 2732 ιὶς
1132 2661 1171 2724 ia·

69 2761 209 2824 Madau
226 2783 267 2822 sc.
284 2769 378 2842 exstit
391 2764 438 2823 vel
458 2762 589 2849 denegastis
610 2769 716 2846 φοιτᾷις
740 2772 771 2832 alr
796 2765 956 2828 Ἀσκληπιοῦ
979 2781 1020 2822 tc.
1045 2763 1117 2843 itglu
1141 2767 1172 2830 tis

70 2864 218 2944 Τςοφιηίου
231 2879 273 2920 80·
285 2869 409 2940 panti'ar,
420 2881 472 2920 seu
482 2863 586 2945 'dargan
604 2867 636 2929 εἷς
648 2864 784 2930 Πλάτωνος
795 2881 837 2920 sc·
854 2858 1027 2940 ’Audnptt‘m
1052 2867 1083 2926 sis
1098 2858 1172 2938 ἕψ-

68 2965 167 3042 asp-fia
180 2977 224 3018 sc.
238 2961 407 3042 ἶςγιπιίςιοη
432 2966 463 3026 εἰς
478 2959 602 3042 ignoscas
616 2977 657 3017 sc.
679 2957 742 3018 abar
762 2959 808 3017 vel
823 2957 906 3036 dipsas.
947 2959 1022 3024 Quoe
1036 2958 1173 3036 exempla

69 3058 170 3118 omnia
184 3057 251 3136 quis
265 3077 324 3116 non
338 3057 396 3117 hoo
410 3056 566 3116 commune
590 3054 698 3115 habere
723 3054 938 3122 animadvertit,
961 3053 1040 3132 quod
1061 3054 1090 3112 in
1116 3054 1171 3114 illis

68 3173 180 3215 nemen
204 3153 263 3212 loci
284 3153 407 3232 alicujus
433 3173 486 3232 per
506 3152 620 3232 ellipsin
641 3153 833 3226 subticeatur,
854 3172 913 3232 quo
933 3151 963 3208 in
985 3151 1051 3210 loco
1071 3149 1170 3234 imag!-

69 3267 154 3324 snm,
175 3251 239 3310 sive
255 3249 306 3309 Dii
321 3251 383 3310 sive
397 3251 538 3310 homines.
582 3250 686 3322 Porro,
701 3271 791 3329 quum
821 3249 940 3314 dicitur:
974 3250 1012 3312 ἐπ’
1033 3251 1169 3333 &pelasga

68 3347 200 3413 affilia-
221 3367 263 3408 tc.
281 3347 348 3420 sira,
373 3351 415 3410 ἔπ’
435 3349 580 3432 ἇμφοτίμι
600 3351 693 3418 finirer
714 3367 755 3408 tc.
776 3346 866 3417 ποδὸις
890 3351 990 3408 sinsin
1011 3349 1168 3431 ἅμφοτίςιις

68 3469 110 3510 sc.
134 3454 232 3532 mela,
254 3465 343 3506 nemo
363 3465 423 3505 uon
443 3457 564 3525 propter
577 3445 796 3506 similitudinem
817 3445 1021 3524 exemplorum
1042 3445 1167 3524 colligit,

68 3567 137 3608 cum
162 3547 296 3606 rnerobra
319 3543 449 3624 corporis
474 3542 600 3602 dicenda
619 3554 699 3616 aunt,
721 3562 845 3623 quorum
860 3543 920 3604 duo
934 3544 1018 3604 nobis
1039 3555 1118 3617 sunt,
1133 3555 1166 3604 ut

70 3645 268 3718 oculi,aures,
289 3661 400 3710 manus,
427 3640 528 3720 pedes,
553 3641 676 3702 Graecos
700 3653 768 3720 post
789 3641 923 3721 quedam
943 3641 1087 3722 adjectiva
1114 3661 1168 3701 uo·

68 3745 149 3803 mina
161 3741 280 3800 illorum
293 3738 566 3800 membrorumsere
580 3739 727 3800 omittere.
769 3739 817 3800 Ita
830 3740 930 3800 Groeci
943 3743 1055 3824 amplo
1069 3759 1110 3800 sc.
1124 3739 1165 3802 is·

68 3845 125 3926 grin
149 3839 231 3904 amisa
245 3855 286 3898 tc.
309 3837 523 3919 πιςικιφιλαίιιις
546 3843 597 3904 τοϊς
618 3838 717 3904 insiste
738 3843 825 3919 φυτᾷι
838 3857 878 3898 sc.
899 3843 999 3908 sinsin
1022 3837 1166 3922 elegistis,

68 3961 107 4002 sc.
121 3939 225 4022 sigarus
245 3935 292 3995 acl
305 3933 394 4018 begin
417 3939 500 4017 pogio
513 3938 629 4018 simvffl
648 3953 690 3994 sc·
711 3937 814 4013 ἱμάτια.
858 3937 934 4001 Quoe
953 3934 1116 3996 locutiones
1135 3938 1165 3996 in

69 4059 104 4099 eo
118 4033 311 4105 conveniunt,
333 4031 412 4110 quod
426 4031 456 4091 in
471 4033 505 4090 iis
519 4032 618 4092 Graeci
631 4031 776 4114 adjectiva
796 4032 958 4105 materiam,
979 4052 1018 4092 ex
1039 4051 1097 4112 qua
1110 4033 1163 4092 ali.

71 4135 139 4216 quid
151 4133 266 4194 factam
274 4143 330 4205 est,
344 4129 515 4192 denotantia
524 4143 644 4210 ponant,
656 4141 686 4192 et
700 4151 747 4192 res
761 4131 836 4212 ipsas
847 4131 1020 4192 indefectas
1034 4132 1162 4214 elliptice

69 4243 224 4414 ombilipirii
237 4329 324 4414 plura
336 4329 422 4411 hujus
435 4329 477 4396 rei
491 4330 628 4414 exempla
640 4327 798 4406 mutent,
818 4328 842 4390 is
856 4328 990 4392 coosulat
1002 4329 1069 4392 Jso.
1083 4327 1167 4392 Peri.
