2844 4888
402 234 932 298 PRAEFA'rlosckuuELn.
1177 241 1207 300 iii

116 405 429 477 mediocriter-eruditi,
445 405 538 466 Faber
559 417 590 466 at
606 404 782 478 Schellerus,
797 405 853 468 illa
866 407 975 468 AEliani
997 407 1033 466 V.
1051 408 1093 467 H.
1106 409 1143 468 t.
1159 409 1201 470 ll.

110 509 153 566 25.
190 514 248 568 Krsl
263 512 415 584 ἱμλογιῒισι
427 512 473 564 τοῦ
486 508 564 564 αὐτοῦ
577 511 648 582 parte
662 505 760 571 adm,
774 503 935 565 sollicitare
952 506 1053 565 conati
1067 505 1197 568 fuerunt.

111 604 175 669 Quis
199 604 328 686 denique
342 601 446 672 nescit,
471 613 532 660 tam
546 601 680 674 Grreoor,
705 619 792 682 quam
806 601 928 662 Latinos
952 603 1047 662 tertiis
1062 607 1194 681 personis

110 702 256 763 verborum
270 701 376 781 sepius
389 700 443 771 uti,
457 717 612 779 suppresso
632 698 760 772 nomine,
775 698 855 777 quod
875 698 913 758 ad
927 700 1104 779 explendum
1125 721 1191 762 sen·

108 815 164 856 anm
176 799 353 882 requiritur?
375 797 495 878 fuerunt
520 809 618 856 tamen
639 797 693 855 riri
717 796 834 871 eruditi,
859 797 909 876 qni
931 797 1088 878 ellipticam
1112 801 1190 860 hanc

110 892 240 974 loquendi
254 897 408 967 rationem,
423 914 495 972 aig.
509 893 619 956 Matth.
640 894 677 953 V.
693 898 739 954 ll.
758 899 803 954 15.
824 903 855 954 et
867 895 946 966 alibi,
965 915 1020 974 pro
1035 895 1188 957 Ebraismo

108 1002 209 1054 temere
223 993 404 1053 habuerunt:
425 1011 493 1051 cum
507 993 683 1052 creberrima
704 991 753 1048 illa
766 991 872 1070 ellipsis
892 1013 919 1052 v.
933 994 1065 1077 diagora
1087 1015 1137 1056 eos
1150 999 1188 1058 ab

108 1111 198 1154 errore
211 1093 269 1154 hoc
284 1093 360 1152 tueri
379 1091 532 1171 potuisset.
574 1090 639 1150 Nec
659 1109 729 1150 vero
742 1091 858 1162 mirum,
884 1089 913 1148 id
927 1089 956 1149 in
971 1091 1083 1152 Graecis
1106 1095 1183 1154 acci-
1235 1149 1250 1168 ,

108 1189 186 1264 dese,
201 1211 270 1252 curn
284 1191 415 1272 ejusdem
433 1190 514 1251 vocis
535 1190 642 1271 ellipsis
656 1191 734 1272 apud
755 1190 875 1250 Latinos
896 1211 1012 1271 quaque
1034 1193 1140 1254 multos
1155 1195 1184 1254 in

107 1309 226 1352 errorem
240 1289 404 1359 induxerim
424 1290 466 1349 uti
482 1290 665 1350 Bnrmannm
680 1289 717 1348 ad
731 1289 846 1348 Phndr.
870 1289 907 1346 L.
920 1289 979 1349 ΙΙΙ.
994 1290 1073 1349 Prol.
1088 1303 1185 1352 osten·

108 1387 155 1447 dit
192 1387 283 1448 Plura
295 1387 382 1448 facile
397 1386 532 1466 exempla
545 1388 591 1448 rel
606 1407 644 1447 ex
660 1387 722 1468 ipso
734 1388 793 1446 hoc
805 1387 879 1446 libro
894 1386 962 1446 addi
976 1399 1119 1466 possent,·
1128 1390 1184 1450 nisi

108 1482 187 1544 allata
208 1504 271 1546 rem
296 1485 366 1545 satis
390 1485 576 1564 abundeque,
601 1495 634 1544 ut
659 1485 773 1563 opinor,
798 1483 1034 1562 comprobarent.
1087 1487 1182 1546 Recte

106 1581 174 1641 adeo
194 1582 230 1642 cl.
243 1583 378 1648 Johnson
397 1581 428 1640 in
451 1592 512 1642 aot.
536 1582 575 1640 ad
600 1580 738 1660 Sophocl.
759 1583 844 1661 Ajac.
865 1602 892 1639 v.
916 1587 966 1640 41.
987 1581 1025 1640 ad
1045 1603 1073 1641 v.
1096 1584 1181 1643 isaar

107 1678 144 1738 ita
161 1681 285 1760 scripsit:
316 1681 375 1740 sud.
396 1680 473 1742 iiras.
515 1681 688 1762 Proeporitio
708 1682 843 1741 sescentis
862 1682 891 1739 in
916 1679 982 1741 locis
1009 1682 1094 1750 deest,
1129 1703 1180 1742 nec
1232 1667 1235 1674 ⁴

107 1786 193 1836 tomen
206 1777 318 1860 pigebit
331 1779 481 1838 admonere
492 1797 582 1836 meum
595 1776 742 1838 lectorem:
758 1779 858 1860 pueris
872 1777 944 1838 enim
958 1777 1058 1838 scribo.
1079 1780 1179 1844 Quare

107 1895 168 1935 cum
190 1889 302 1938 certum
329 1875 377 1947 sit,
402 1875 562 1954 pleniorem
590 1875 724 1955 ellipseos
751 1878 967 1948 tractationem,
991 1875 1178 1955 pluriumque
1262 1881 1265 1886 '

107 1975 298 2054 exemplorum
330 1971 538 2043 accessionem,
571 1973 741 2033 Graecarum
763 1975 924 2035 litterarum
955 1974 1090 2034 studiosis
1117 1992 1179 2032 om·

108 2070 169 2129 nino
196 2071 297 2132 utilem
324 2089 398 2143 esse,
426 2081 456 2128 et
483 2069 513 2126 in
540 2070 666 2130 lectione
697 2082 829 2130 veterum
858 2071 1030 2150 scriptorum
1060 2089 1177 2130 versan-

105 2167 185 2241 tuas,
205 2169 303 2230 multis
325 2168 355 2226 in
378 2167 450 2227 locis
475 2167 674 2227 commentarii
694 2169 789 2228 vicem
812 2179 948 2248 prestare
969 2187 1066 2246 posse:
1094 2167 1176 2247 equi·

107 2265 167 2323 dem
179 2265 256 2326 haud
275 2263 468 2324 dubitandum
488 2265 558 2322 mihi
579 2265 750 2338 existimavi,
771 2284 790 2326 a
810 2266 877 2324 viris
898 2265 992 2326 doctis
1009 2269 1070 2346 jem
1090 2266 1178 2326 allata

108 2356 232 2443 exempla
258 2363 329 2423 meis
353 2382 469 2442 qnoque
493 2363 742 2423 observationibus
770 2363 1028 2443 qualibuscumque
1056 2383 1175 2442 augere,
1203 2429 1208 2448 Ι

108 2475 192 2540 eoque
205 2461 342 2522 studiosa
359 2460 520 2540 juventutis
540 2460 694 2521 commoda
714 2460 899 2539 amplificare.
940 2461 1088 2522 Praeterea
1106 2481 1177 2522 vero

108 2555 134 2614 id
145 2559 210 2616 mihi
223 2559 333 2638 negotii
347 2559 446 2618 datum
460 2557 633 2631 existimari,
647 2568 681 2617 ut
694 2557 824 2637 pluribus
839 2557 868 2616 in
882 2557 953 2616 locis
968 2559 1079 2618 ratione
1092 2558 1175 2637 ellip-

107 2673 164 2715 reos
175 2657 362 2730 harmoniam,
376 2678 442 2738 quse
455 2659 531 2719 inter
545 2659 680 2719 Graecam
700 2669 731 2718 et
745 2657 880 2716 Latinam
900 2657 1029 2736 linguam
1049 2657 1176 2718 interce-

106 2753 153 2826 dit,
166 2755 246 2814 variis
260 2757 500 2836 exscriptoribus
514 2757 627 2817 Latinis
641 2755 781 2834 exemplis
795 2753 979 2814 ostenderem
993 2766 1080 2833 atque
1096 2775 1175 2814 com-

102 2853 257 2930 probarem:
278 2873 345 2934 quae
367 2873 453 2932 quam
473 2854 637 2914 necessaria
660 2853 697 2911 sit
717 2853 755 2912 ad
775 2851 896 2914 solidam
918 2871 1034 2932 quoque
1058 2852 1174 2914 Latiare

102 2949 200 3028 lingua
213 2951 409 3030 cognitionem
430 2950 628 3021 obtinendam,
648 2967 760 3020 omnes,
774 2949 824 3030 qui
840 2949 916 3008 ultra
929 2950 1033 3028 vulgus
1047 2951 1173 3029 sapiunt,

104 3059 212 3108 norunt.
252 3052 327 3116 Quae
347 3067 415 3109 cum
439 3047 480 3108 ita
500 3048 568 3118 sint,
591 3047 780 3106 vehementer
802 3046 917 3106 laetatus
941 3065 1015 3119 sum,
1041 3065 1108 3105 cum
1131 3047 1176 3104 vir

104 3146 275 3226 amplissimas
288 3145 458 3206 eruditionis
477 3144 564 3202 laude
577 3144 764 3222 conspicuus,
780 3143 859 3202 Elias
881 3142 1052 3214 Palairetus,
1066 3142 1175 3202 Joanni

103 3241 247 3323 Rangorae,
261 3245 422 3304 reverendo
436 3243 666 3303 Londinensium
687 3244 845 3322 Episcopo,
866 3242 985 3302 asacris
1005 3255 1035 3301 et
1050 3241 1079 3299 in
1094 3243 1174 3320 regia

102 3341 163 3402 auls
184 3342 314 3414 vicarius,
339 3342 419 3414 mihi,
444 3342 475 3405 id
488 3341 568 3421 quod
591 3341 708 3421 quidem
729 3341 826 3414 etiam,
840 3350 928 3399 antea
941 3357 979 3398 ex
993 3338 1173 3418 praefatione,

104 3439 177 3516 operi
188 3439 275 3517 ipsius
288 3437 326 3498 de
341 3437 443 3516 Ellipsi
457 3436 564 3496 Latina
576 3437 734 3515 praemissa,
748 3436 883 3516 cognovi,
904 3453 956 3515 per
969 3434 1080 3494 litteras
1101 3453 1174 3514 quo·

102 3555 154 3614 quc
174 3537 353 3614 significavit,
375 3555 407 3594 se
429 3535 509 3607 item,
530 3541 591 3615 jam
610 3535 721 3614 aliquot
741 3533 848 3594 abhinc
867 3534 961 3605 annis,
985 3533 1113 3592 animum
1134 3533 1171 3592 ad

103 3651 196 3694 noram
210 3634 351 3694 utilissimi
364 3634 451 3711 hujus
476 3632 565 3694 libelli
589 3633 748 3692 editionem
771 3631 901 3711 plurimis
922 3629 1172 3690 observationibus

103 3741 130 3790 ct
141 3732 226 3792 titulis
239 3745 355 3792 aucmm
368 3731 523 3811 adpulisse,
537 3731 731 3809 iubentesque
744 3749 797 3788 sua
810 3748 926 3788 mecum
941 3727 1171 3787 communicatu·

103 3845 170 3900 rum,
183 3831 204 3888 si
218 3831 352 3909 praesenti
363 3829 482 3890 editioni
493 3828 622 3908 inserere
642 3827 759 3884 vellem:
780 3845 834 3905 pro
848 3844 907 3906 quo
921 3823 1024 3902 insigni
1038 3823 1171 3884 humani·
1237 3851 1243 3864 ·

104 3927 164 3985 tatis
176 3939 260 4007 atque
273 3927 485 3987 benevolentia
498 3925 633 4003 exemplo
647 3905 693 3982 me
714 3924 768 4003 ipsi
782 3923 899 4002 publice
920 3921 1091 3981 obstrictum
1104 3919 1171 4000 pro&
1249 3933 1250 3947 ¹

103 4021 188 4084 fitear.
227 4029 409 4104 Quamquam
424 4041 492 4082 vero
506 4024 561 4080 hac
576 4021 780 4080 humanissime
800 4019 870 4078 mihi
884 4019 963 4077 sacta
983 4018 1068 4096 copia
1081 4029 1171 4096 atque

105 4117 232 4182 facilitate
254 4143 292 4182 ex
317 4133 386 4182 voto
410 4121 467 4180 frui
488 4120 567 4178 haud
589 4119 685 4188 licuit;
704 4129 859 4197 propterea
883 4115 971 4195 quod,
994 4135 1062 4174 cum
1086 4115 1175 4194 ipsius

105 4213 199 4276 littera
221 4219 256 4278 ad
281 4238 328 4278 me
349 4217 557 4297 perferrentur,
581 4233 708 4294 praesens
730 4213 820 4273 editio
843 4213 1035 4291 atypothetis
1056 4217 1117 4292 jam
1137 4216 1176 4274 ad

105 4311 181 4374 finem
203 4336 283 4396 paene
297 4329 360 4378 erat
383 4315 538 4395 perducta:
565 4312 646 4373 nullo
659 4323 757 4371 tamen
782 4310 869 4370 modo
894 4309 956 4370 lieri
970 4310 1073 4390 patiar,
1099 4322 1132 4371 ut
1144 4311 1175 4370 id
