2844 4888
126 255 127 260 ,
223 147 329 283 'xxxin
531 207 659 270 PRAEF.
680 207 853 274 EDITOR.
875 207 1062 272 fintene.

738 465 768 542 t.
789 463 828 522 x.

282 677 403 739 Sexum
416 677 578 740 editionem
588 699 608 739 e
618 677 762 742 Leisnero
781 687 912 743 emotum
926 675 1133 739 commendent
1150 677 1330 741 menotio-

235 795 305 850 ωε,
318 781 415 855 quse*
438 797 505 838 cum
519 778 582 858 ipso
596 777 643 837 M.
663 778 794 838 ioannes
818 775 966 855 Georgius
989 774 1110 834 Samuel
1132 775 1331 840 Bernholdius

159 867 160 877 ’
241 875 514 936 communicaverat.
555 874 726 934 Dolendum
741 885 841 935 tumen
860 883 935 946 eret,
952 871 1115 952 sphalmata
1133 871 1214 934 hund
1233 891 1334 954 psum

238 969 363 1036 innam
373 972 519 1054 irrepsisse
532 983 648 1034 sextam
660 971 831 1044 eddonem.
850 969 1013 1052 rypudios
1026 962 1127 1032 nitidis
1141 969 1334 1050 merim

724 1174 755 1250 t.
781 1172 838 1232 xr.

284 1345 416 1411 Tandem
431 1348 596 1428 nuperrime
610 1350 647 1408 de
661 1349 851 1430 locupletiore
865 1360 899 1410 et
910 1349 1124 1431 quodammodo
1137 1351 1257 1414 meliore
1266 1353 1327 1425 ¹lou·

240 1447 288 1522 jus
302 1443 367 1504 libri
381 1444 509 1506 editione
523 1446 663 1524 cogitavit
675 1447 720 1506 vir
735 1446 920 1508 doctissimus
941 1447 987 1506 M.
1008 1448 1148 1510 Nicolous
1170 1449 1328 1513 Schwabe·

242 1539 716 1622 lius,quienn0MDCCLX111.
734 1545 763 1602 in
776 1545 880 1619 forme,
891 1563 978 1626 quom
998 1559 1116 1619 vocent,
1140 1559 1257 1622 octavu,
1278 1567 1329 1607 es-

244 1665 301 1725 que
314 1649 435 1725 mejore‚
456 1648 582 1706 eundem
606 1647 683 1726 typis
707 1659 737 1706 et
757 1646 900 1707 sumtibus
917 1646 1057 1709 heredum
1079 1645 1244 1706 Felseckeri
1265 1646 1328 1707 No·

245 1741 436 1822 rimbergaein
447 1743 697 1824 lucempublicsm
709 1743 825 1823 prodire
836 1743 931 1822 jussit.
947 1742 1144 1802 Schwebelius
1154 1743 1255 1802 titulos
1266 1764 1328 1804 om-

244 1859 307 1913 nes,
321 1841 408 1900 etiem
423 1843 460 1901 sb
474 1842 537 1902 eliis
549 1842 688 1923 adjectos,
700 1842 730 1900 in
744 1842 893 1902 meliorem
908 1839 1040 1900 ordinem
1054 1840 1178 1918 redegit,
1192 1851 1225 1900 et
1237 1859 1330 1900 novos

243 1957 303 1996 non
316 1955 427 2017 paucos
440 1938 478 1998 de
491 1959 545 1998 ruo
565 1939 696 2013 inseruit,
719 1951 814 1998 erruts
837 1939 925 1998 etism
949 1937 1050 2010 mults,
1072 1936 1103 1996 in
1124 1956 1190 2016 quoe
1214 1937 1327 2010 incidit,

243 2035 361 2098 sustulit
374 2047 405 2096 et
418 2035 529 2098 indices
543 2035 717 2100 emendavit:
741 2037 852 2116 relique
864 2055 935 2097 vero
954 2034 1162 2104 mditsments.
1182 2034 1278 2097 utullus
1291 2035 1329 2098 ti·

243 2132 321 2195 tulos
334 2151 424 2192 novos
437 2153 498 2212 prae
511 2154 542 2196 se
555 2134 689 2206 ferentis,
699 2145 787 2214 prout
794 2134 945 2213 jacebant,
965 2130 1081 2212 reliquit
1100 2150 1183 2212 poeue
1204 2131 1330 2204 intuetu

242 2227 364 2292 lucunas
377 2229 408 2288 in
421 2242 565 2292 contextu
579 2233 734 2292 verborum
747 2231 839 2303 Bosii,
853 2231 884 2290 in
897 2241 982 2292 sexte
995 2229 1124 2290 editione
1144 2229 1254 2302 obvim,
1267 2250 1328 2292 nou

245 2347 360 2407 semper
374 2328 529 2407 supplevit;
549 2329 638 2388 immo
652 2349 744 2394 nonos
758 2331 914 2390 verborum
928 2327 1061 2388 delectus
1082 2327 1112 2388 in
1125 2347 1207 2388 suum
1221 2328 1327 2388 editio-

245 2443 312 2484 nem
327 2425 465 2504 irrepere,
479 2435 509 2484 et
523 2425 669 2506 integrum
683 2425 800 2488 titulum
814 2426 845 2485 in
856 2425 958 2507 Ellipsi
969 2424 1117 2487 nominum
1132 2437 1270 2494 ΠοΝοΣ,
1285 2423 1326 2484 lo·

245 2521 306 2596 dor,
320 2523 421 2582 abesse
434 2520 578 2603 permisit.

726 2742 755 2814 §-
775 2737 845 2796 xn.
932 2732 934 2738 ’

289 2931 442 3012 Superest,
454 2945 489 2994 ut
506 2935 545 2994 de
559 2953 635 2994 nove
647 2932 703 2994 hec
721 2944 821 2994 nostre
847 2932 970 3010 hujusce
992 2931 1058 2991 litori
1079 2929 1208 2992 editiom
1229 2931 1329 3012 paucis

249 3027 388 3090 donnus.
430 3031 714 3110 Pervenersnt‚qute
727 3029 758 3090 in
771 3028 947 3110 Bibliopolio
960 3029 1141 3090 Martiniano
1161 3029 1269 3108 Lipsioe
1281 3049 1329 3092 tu·

248 3139 386 3204 peterent
399 3129 577 3208 exemplariis
590 3128 671 3188 Edit.
685 3127 739 3188 VI.
753 3127 889 3188 emtionis
899 3129 966 3206 Jure
979 3126 1009 3186 io
1020 3127 1170 3188 tuberum
1182 3125 1331 3188 dumus:

250 3224 508 3305 orphsnonophei
535 3225 682 3286 Holensis.
730 3225 791 3286 Sed
817 3225 882 3286 hee
901 3223 964 3304 ipss
989 3224 1126 3305 exemplo
1152 3243 1221 3286 eum
1247 3222 1330 3286 beeri

248 3320 386 3382 &utura
397 3323 576 3396 viderentur,
597 3335 628 3384 et
641 3343 711 3384 vero
726 3322 787 3397 ills,
807 3322 893 3384 laude
913 3321 984 3382 eliso
1002 3341 1056 3383 sus
1075 3341 1134 3382 non
1154 3322 1328 3396 frendendo,

248 3417 747 3492 sennebelisnaedriomimiscsro
758 3419 908 3480 ishisoris
916 3419 1010 3500 pretio
1018 3419 1329 3492 reniretreonsrdtum,

249 3516 465 3576 communicato
486 3537 553 3576 curn
573 3518 667 3577 doctis
687 3517 859 3597 quibusdum
877 3515 955 3576 Viris
976 3517 1107 3591 oonsilio,
1128 3516 1329 3590 immuunt

247 3631 353 3676 novem
374 3631 460 3694 quum
480 3613 528 3674 hie
556 3615 657 3674 dumus
680 3615 838 3676 editionem
857 3615 984 3693 aunuum
1002 3615 1139 3696 adjicere,
1167 3615 1327 3694 presertim

174 3711 176 3714 ’
249 3723 504 3792 cumopportuns,
517 3729 583 3790 quae
595 3731 649 3775 nos
663 3712 701 3772 ud
713 3713 771 3774 hoe
783 3713 879 3793 ipsum
891 3713 1069 3789 hortaretur,
1082 3724 1159 3776 esset
1172 3713 1297 3776 omerio.

282 3915 296 3942 ¹
315 3910 369 3960 Hos
379 3910 530 3961 distinximus
541 3911 667 3974 seriptioue
677 3911 853 3976 oompendisris
863 3913 964 3964 Brenn.
976 3911 1014 3961 rel
1025 3913 1054 3962 B.
