2844 4888
275 601 530 663 senentio
560 587 815 666 EDITIONIS
844 607 1050 675 eumen.

361 843 619 930 LECTORI
649 857 947 932 ΦΙΛΕΛΛΗΝΙ

645 1103 673 1159 S.

306 1315 395 1401 JO.
436 1318 535 1404 FR.
577 1319 1009 1410 LEISNERUS.

568 1671 728 1680 ἰ-μ-ι-ι--ιι

140 1856 345 1920 ῦιιωηυκ
366 1862 515 1922 literarum
536 1865 663 1924 studium
688 1863 758 1924 setis
773 1866 836 1924 iste
855 1877 955 1925 nostro
980 1867 1038 1926 hoo
1058 1877 1189 1946 tempore

99 1953 293 2028 efflorescere,
314 1977 441 2039 suosque
454 1959 481 2019 ei
501 1979 561 2018 non
581 1962 676 2020 solum
690 1961 855 2022 laudatores
876 1981 950 2035 esse,
972 1965 1073 2024 verum
1102 1964 1191 2023 etiem

101 2051 242 2127 autores,
255 2055 304 2115 rel
316 2055 365 2116 hio
379 2059 416 2118 de
430 2057 522 2138 ellipsi
536 2078 633 2137 graeoe
646 2053 760 2119 libellus
773 2062 858 2140 signo
866 2073 920 2134 est,
933 2079 1020 2140 quem
1032 2075 1091 2122 tam
1106 2061 1191 2122 avide

100 2161 213 2210 embrm
227 2169 247 2210 a
257 2173 418 2231 gmosrom
432 2155 580 2214 literarum
595 2157 730 2218 studiosis
745 2169 870 2231 constet,
892 2170 925 2217 ut
945 2161 1054 2238 quintae
1075 2163 1138 2237 ejus
1159 2179 1191 2218 e·

100 2235 204 2309 ditium
218 2267 322 2309 munus
334 2252 516 2312 sdmovende
528 2253 626 2313 luerit.
646 2315 648 2320 ,
668 2254 734 2313 Etsi
748 2273 819 2313 vero
831 2254 936 2314 Lemb.
953 2258 1023 2328 llos,
1037 2268 1070 2316 et
1084 2257 1194 2322 Christ.

100 2355 340 2434 Schoettgenius,
354 2357 408 2416 viri
422 2357 591 2428 doctissimi,
604 2369 635 2418 et
649 2358 687 2417 de
701 2357 804 2436 graecis
817 2357 908 2416 literis
922 2357 1061 2436 praeclare
1082 2358 1190 2429 meriti,

100 2451 172 2510 nibil
185 2454 399 2532 propemodum
413 2454 515 2534 reliqui
526 2453 661 2528 fecerint,
676 2456 755 2534 quod
770 2455 930 2534 pertineret
945 2455 1072 2514 adhunc
1094 2455 1131 2514 de
1147 2456 1188 2515 el-

100 2546 164 2628 lipsi
178 2569 277 2628 greca
290 2551 453 2612 doctrinam
467 2553 696 2632 perpoliendsm,
717 2565 814 2611 tamen
829 2554 878 2610 ubi
889 2552 1022 2611 librarius
1036 2552 1189 2611 consilium

100 2647 185 2708 nobis
208 2665 294 2708 urum
318 2649 356 2709 de
377 2650 546 2710 edomanda
563 2669 639 2711 nova
662 2650 749 2728 hujus
770 2648 859 2708 libelli
873 2647 1003 2708 editione
1016 2649 1188 2728 aperuisset,

100 2743 271 2804 videbamur
281 2747 368 2806 nobis
381 2767 420 2807 ex
441 2748 569 2808 lectione
589 2767 702 2820 eorum,
723 2766 789 2827 quae
804 2748 947 2808 Kusterus
962 2745 1000 2804 ed
1014 2746 1187 2826 Aristopho-

98 2861 178 2914 ntem,
193 2843 333 2927 Dukerus
346 2846 385 2904 sd
406 2845 621 2926 Thucydidem,
644 2845 778 2905 Clarkius
793 2845 830 2903 od
845 2843 1021 2915 Homerum,
1035 2856 1066 2903 et
1080 2855 1187 2923 praeter

98 2939 150 3000 bos
163 2941 284 3002 densius
297 2953 328 3003 et
344 2945 490 3028 Auctorep
501 2944 735 3004 observationum
749 2943 1000 3003 miscellaneorum
1013 2943 1117 3023 passim
1133 2942 1186 3002 do·

99 3050 235 3110 coemat,
250 3057 286 3100 ea
298 3041 434 3102 didicisse
447 3056 478 3102 et
492 3043 672 3115 observasse,
691 3041 800 3120 qulbus
820 3040 937 3099 utilitati
952 3040 1095 3100 lectorum
1116 3060 1186 3100 con·

98 3136 162 3210 suli,
177 3137 322 3216 simulque
340 3140 379 3198 ad
392 3140 676 3200 commendationem
691 3152 722 3199 et
745 3139 868 3218 grstisro
889 3157 972 3196 novae
986 3139 1111 3218 hujusce
1125 3138 1186 3198 edi·

98 3233 184 3294 tionis
199 3235 326 3295 conserti
338 3236 448 3318 aliquid
468 3251 576 3317 posset.
627 3238 769 3296 Precibus
791 3236 880 3314 igitur
900 3235 1018 3306 librarii,
1041 3236 1186 3315 cupientis
1213 3307 1215 3318 ἱ

97 3345 127 3392 ut
137 3333 229 3393 etiam
238 3353 317 3394 nune
331 3334 379 3395 hic
388 3335 502 3396 libellus
515 3349 626 3416 partem
642 3335 766 3415 aliquam
781 3344 881 3394 nostra
891 3351 980 3412 opera
992 3333 1105 3412 plenior
1115 3355 1185 3396 auc·
1212 3333 1213 3336 ’

15 3487 16 3496 ,
96 3428 210 3513 tiorque
223 3431 366 3511 prodiret,
380 3434 467 3494 deese
481 3435 636 3496 noluimus.
688 3433 729 3494 Et
743 3453 778 3492 eo
792 3432 947 3493 studiosius
961 3433 1019 3492 hoc
1033 3435 1184 3512 negotium

97 3531 286 3611 suscepimus,
301 3531 380 3610 quod
393 3533 500 3592 multos
515 3532 663 3604 doctores,
677 3551 786 3610 eosque
807 3550 866 3590 non
881 3531 971 3590 infimi
989 3531 1107 3602 ordinis,
1123 3553 1182 3592 non

97 3631 156 3692 sine
171 3649 274 3689 caussa
287 3631 465 3710 permultum
480 3631 550 3690 huic
570 3631 608 3690 de
622 3627 715 3708 ellipsi
729 3647 827 3707 graeca
839 3629 982 3688 doctrinae
995 3630 1123 3690 tribuere
1138 3630 1181 3690 in·

97 3727 305 3806 telligebsmus.
347 3728 436 3794 Quod
456 3729 480 3787 si
500 3728 541 3786 illi
555 3747 659 3807 grecie
673 3727 781 3804 linguae
795 3726 944 3807 ingenium
960 3745 1045 3788 nosse
1058 3729 1180 3809 putendi

97 3839 201 3897 essent,
222 3826 272 3905 qui
293 3826 462 3888 immensam
483 3827 693 3886 vocabulorum
714 3824 771 3882 vim
793 3824 837 3884 ito
850 3825 991 3887 memoria
1007 3838 1121 3896 tenent,
1136 3841 1179 3898 ut,

96 3943 157 4002 quoe
170 3925 213 3982 ris
234 3923 290 3982 illis
310 3925 348 3983 sit
368 3937 399 3984 et
419 3935 549 4005 potestus
563 3924 707 4000 subjecta,
723 3923 786 3981 sine
800 3921 995 3995 hesitatione,
1011 3935 1102 4004 atque
1116 3927 1179 3986 sine

98 4020 152 4080 ulla
174 4039 256 4080 mora
276 4003 466 4101 peiapiciant,
487 4033 518 4080 et
539 4021 621 4101 quasi
641 4021 672 4078 in
693 4030 847 4079 numerato
868 4019 1009 4089 habeant:
1046 4023 1180 4101 prolecto

96 4139 192 4180 omnes
206 4121 247 4178 illi
258 4121 407 4200 Juventuti
421 4119 556 4199 injuriam
571 4121 769 4200 injungerent,
790 4120 878 4198 eique
894 4130 1006 4179 temere
1020 4139 1056 4180 ac
1070 4133 1177 4202 praeter
1232 4141 1236 4148 ·

97 4219 297 4280 necessitatem
318 4219 480 4279 molestiam
501 4217 686 4290 exhiberent,
709 4217 758 4297 qui
780 4237 845 4277 eam
867 4217 905 4276 ad
926 4218 1013 4292 alios,
1034 4239 1121 4300 quem
1142 4225 1180 4282 ad

97 4313 216 4390 Lexiea,
231 4315 321 4376 libros
335 4317 535 4387 emendarent,
550 4333 665 4394 egoque
681 4315 816 4375 omnibus
829 4315 1005 4376 doctoribus
1018 4331 1122 4378 auctor
1135 4337 1180 4378 es·
