2844 4888
250 179 336 254 ma
545 171 676 238 rans:
696 175 869 240 norror.
894 177 1077 243 nurus,

254 346 451 411 Christianum
466 345 716 426 Schocttgeniom,
739 345 842 406 Virum
856 345 1064 421 Clarissimum,
1077 346 1185 428 Lipsie
1198 357 1272 407 tunc
1284 346 1338 408 de-

133 455 136 471 ¹
251 457 380 526 gentem,
404 455 531 523 rogaret,
554 455 599 516 ut,
622 463 688 522 quse
708 442 830 504 haberet
852 443 890 502 ad
912 443 1151 525 locupletandum
1176 445 1336 504 anianum

251 545 402 624 scriptum,
426 542 586 621 colligeret.
627 540 732 619 ltaque
756 541 982 620 Saboettgenius
1002 561 1068 602 suas
1088 543 1336 603 observationes*

252 660 335 701 uovae
349 639 468 699 editioni
482 637 675 718 subjiciendas
697 637 820 708 curavit;
843 638 947 718 quibus
968 650 997 698 et
1018 637 1175 700 immiscuit
1195 640 1336 702 nonnulla

250 736 442 799 aChristiano
457 735 603 797 Friderico
615 737 774 810 Boemero‚
786 749 857 797 tunc
867 737 1070 800 humaniorum
1080 739 1242 804 litterarum
1255 739 1335 822 apud

238 835 421 916 Lipsieuaes
433 833 610 907 Professore,
625 813 785 894 observata.
794 837 814 914 †

764 1033 792 1110 p.
814 1031 867 1090 ιν.

292 1212 373 1290 Dum
397 1246 466 1288 vero
489 1225 520 1286 iu
539 1225 619 1288 hisce
642 1225 837 1322 additionibus
857 1228 1050 1306 congerendis
1071 1241 1232 1309 occupatus
1255 1239 1332 1290 esset

251 1308 486 1405 Schoeitgenius,
497 1323 622 1404 placuit'
615 1324 679 1406 ipsi,
692 1302 850 1384 amicorum
861 1344 947 1384 suasu
959 1325 995 1383 sd
1008 1325 1095 1404 hujus
1105 1326 1169 1386 libri
1179 1339 1331 1388 auctorem

248 1422 360 1483 litteras
373 1439 504 1494 exarare,
518 1442 555 1482 ue
569 1441 605 1482 eo
618 1421 724 1501 plane
716 1420 808 1480 ruscia
819 1422 994 1502 opusculum
1008 1421 1066 1482 hoc
1077 1421 1184 1504 Lipsiae
1197 1425 1328 1506 excude-

250 1533 341 1581 retur.
382 1523 550 1598 Antequam
563 1537 633 1578 vero
645 1518 693 1577 hic
702 1505 860 1597 quidquam
874 1519 1003 1597 responsi
1018 1514 1238 1594 transmitteret,
1248 1521 1329 1584 adfe-

249 1619 367 1678 rebatur
380 1617 418 1677 ad
430 1613 601 1695 bibliopolas
614 1614 779 1694 Lipsieuses
792 1633 868 1675 nova
880 1613 969 1676 libelli
989 1615 1090 1688 editio,
1103 1618 1140 1676 ab
1161 1619 1225 1698 ipso
1239 1617 1328 1680 Rusio

247 1726 413 1796 procurato.
454 1713 646 1790 Subsequitur
669 1723 737 1772 sunt
760 1711 898 1792 deinceps
917 1711 996 1775 Bosii
1018 1714 1056 1774 sd
1080 1715 1323 1794 schoettgeuium

247 1813 370 1886 litteras
377 1811 573 1880 dehortatum,
592 1828 632 1872 ne
644 1827 720 1871 nora
732 1809 781 1870 illa
801 1809 981 1890 editionum
1000 1811 1192 1893 Frosquero
1211 1813 1324 1938 prelum

249 1927 391 1972 exeruere
402 1908 452 1968 vix
465 1907 601 1980 desistet,
614 1905 743 1988 Lipsiae
734 1907 955 1990 imprimeretur.
1025 1965 1028 1976 ‚

743 2103 864 2182 §.u

262 2263 269 2280 ⁰
288 2296 347 2358 Sed
360 2277 612 2358 nonobstantibus
622 2298 666 2358 his
678 2297 902 2376 Schoettgeuius
912 2297 1012 2383 recudi
1027 2301 1248 2380 tomeoouravit
1257 2321 1321 2382 pos.

246 2395 383 2456 teriorem
396 2395 462 2454 libri
475 2394 643 2468 editionem,
664 2415 730 2475 que
744 2395 807 2474 ipso
827 2395 907 2472 dicto
921 2413 998 2456 anno
1019 2396 1213 2459 MDCCXll.
1255 2399 1322 2460 Fra·

244 2513 380 2577 nequerae
392 2495 551 2576 prodierat:
571 2496 647 2554 hano
662 2493 738 2553 enim
753 2493 814 2573 ipse
832 2493 892 2554 suis
905 2493 1100 2554 additionibus
1120 2496 1228 2574 primus
1248 2516 1317 2556 auo·

243 2591 509 2666 tiorernexbibens,
523 2592 669 2670 sequentis
690 2590 757 2649 enni
768 2610 867 2650 mense
888 2591 998 2650 Martio
1018 2591 1156 2652 inlunem
1177 2593 1322 2673 publicem

244 2692 361 2774 prodire
369 2690 483 2770 jussit„
508 2689 623 2750 litbaec
638 2689 757 2799 quidem
769 2689 959 2768 ediumque,
980 2701 1045 2770 poet
1066 2691 1147 2754 diras
1158 2691 1322 2772 Frooeqss

245 2807 337 2861 ranas,
350 2789 437 2850 tertis
455 2789 511 2848 fuit
534 2773 693 2878 eademque
715 2787 807 2866 prima
832 2785 1042 2866 schoettgenit
1057 2808 1127 2848 mox
1140 2790 1321 2858 eruditorum

243 2885 345 2948 laudes
367 2897 413 2946 est
435 2897 625 2966 consequuta,
647 2875 836 2964 ejusdemque
860 2886 1040 2948 moesoooos
1062 2887 1165 2968 plausu
1188 2900 1322 3006 excepte

243 2995 320 3066 sunt.
1030 3011 1034 3019 ·

732 3182 761 3258 ι,
782 3179 844 3239 ιι.Ι

281 3377 380 3442 Quum
393 3371 629 3454 deprehendisset
642 3382 744 3451 postea
759 3373 985 3454 Schoettgenius
999 3373 1027 3434 in
1042 3373 1169 3439 editione
1190 3377 1318 3438 secunda

241 3473 461 3551 Franequerana
486 3471 568 3552 (quse
591 3471 621 3530 in
641 3471 726 3530 tertia
749 3471 877 3531 editione
898 3471 1069 3532 adverbum
1091 3474 1214 3554 repetita
1234 3475 1313 3556 erat)

240 3569 380 3632 nonnulle
399 3566 528 3626 omisisse
545 3568 708 3628 auctorem
730 3567 862 3640 boeium,
876 3589 942 3647 que
954 3568 983 3626 in
997 3569 1090 3648 prima
1110 3583 1258 3649 posuer-au
1279 3573 1320 3640 ob,

238 3667 443 3731 auctoritatem
467 3677 497 3724 et
516 3664 658 3744 judicium
681 3665 803 3724 Joannis
831 3665 1032 3746 christophori
1055 3665 1155 3726 Wolfii
1178 3669 1208 3726 in
1232 3668 1318 3735 Curis

238 3760 420 3848 philologieis
434 3774 464 3822 et
478 3762 585 3822 criticis
599 3763 637 3822 ad
649 3762 737 3823 libros
757 3763 832 3824 Novi
848 3765 1038 3838 Testamenti,
1052 3767 1141 3826 semel
1155 3780 1243 3847 atque
1263 3769 1315 3830 ite·
1405 3821 1406 3840 ,

237 3865 348 3926 rumad
361 3861 410 3924 illa
419 3860 602 3942 posmodum
617 3862 722 3922 omissa
733 3865 929 3943 provocantis,
938 3866 1040 3926 eadem
1054 3865 1103 3926 illa
1113 3866 1328 3946 soboettgeni··.·

238 3983 284 4038 us,
298 3981 362 4042 que
376 3959 594 4023 inoontextum
606 3973 823 4034 revocarentur,
839 3962 927 4041 digna
940 3962 1124 4024 existimarit.
1140 3989 1159 4002 ι·
1252 3990 1254 3999 ¹
1290 3988 1294 3998 ·

270 4125 284 4153 ·
304 4119 428 4187 insignite
438 4122 530 4170 suntin
541 4121 650 4184 pruenti
661 4119 765 4190 editione
774 4121 858 4172 litteris
871 4123 928 4192 Seps.
939 4122 978 4171 vel
990 4123 1014 4170 S.

148 4277 153 4284 ·
265 4255 281 4318 †
298 4251 384 4302 latent
395 4267 424 4300 es
433 4252 479 4300 sub
490 4249 705 4316 smoetrgsolsoiu
717 4267 774 4302 nam
784 4267 916 4316 expressm
927 4251 1031 4302 nominis
1041 4253 1232 4307 estimationem
1241 4256 1313 4307 Borr-

231 4346 304 4384 uerus
319 4333 441 4384 muravit.
