2844 4888
575 179 802 244 PRAEFATIO
824 177 1035 244 uersuum.

282 351 437 432 Quotquot
450 365 559 428 autem,
574 367 604 416 et
618 355 832 436 qualiacunque
845 365 924 426 sunt,
938 373 1004 434 que
1018 371 1056 412 ex
1071 351 1276 412 observatione
1289 351 1331 414 el·
1399 384 1413 425 ῃ

240 445 356 526 lipsium
369 452 540 529 promittere
554 453 607 512 tibi
621 466 715 533 potes,
729 473 795 534 quse
809 453 943 533 proiecto
957 471 1015 511 non
1030 461 1098 510 sunt
1112 469 1215 530 parvas
1231 461 1330 512 tamen
1410 487 1413 520 r

241 565 331 623 quum
345 549 460 610 huncce
473 551 603 612 libellum
624 552 705 612 novis
726 551 943 612 accessionibus
963 549 1144 628 locupletare
1164 549 1332 610 instituere·
1412 585 1413 618 ÷

239 661 314 716 mus,
336 647 428 724 magis
442 669 542 708 eorum
553 649 696 730 Judicium
708 651 792 711 veriti
807 669 917 723 sumus,
938 650 1044 729 quibus
1059 647 1148 707 nimie
1161 647 1192 707 in
1205 648 1265 709 boc
1278 667 1330 728 ge·
1412 705 1413 716 ,

239 760 310 802 nere
324 743 454 805 adhibita
469 745 620 827 diligentia
633 749 780 828 displicet,
794 767 882 828 quem
897 748 1003 828 quibus
1017 747 1097 806 nulla
1110 747 1179 807 setis
1191 758 1246 808 est.
1270 749 1330 810 ltu·
1402 782 1413 823 s

238 859 297 918 que
316 841 484 919 patientius,
506 858 537 906 et
557 847 676 926 equiori
697 848 795 907 animo
808 865 910 908 eorum
925 847 1166 926 reprehensiones
1185 847 1328 922 feremus,

221 933 289 1017 'qui
302 940 356 998 sibi
370 941 525 1004 immodice
538 945 680 1024 ellipeium
695 947 823 1026 undique
837 957 1042 1026 coopertorum
1062 944 1250 1006 multitudine
1271 947 1328 1008 iae
1413 983 1414 1014 ι

238 1037 341 1098 tidium
356 1043 448 1102 creari
461 1044 686 1122 profitebuntur,
706 1065 794 1124 quem
809 1047 914 1125 quibus
928 1044 1009 1104 nulls
1021 1044 1140 1104 satietas
1153 1043 1262 1104 adferri
1276 1065 1329 1125 po.
1413 1081 1414 1116 3

237 1146 305 1195 test.
347 1140 481 1220 Namque
502 1153 534 1202 ut
555 1141 584 1200 in
605 1143 702 1202 multis
721 1143 796 1214 eliis,
817 1143 857 1203 itu
874 1144 904 1203 in
917 1144 1005 1222 hujus
1018 1144 1134 1222 generis
1148 1145 1329 1224 argumentis
1413 1183 1414 1192 κ

235 1236 383 1316 precipue
397 1240 559 1300 cavendum
574 1252 628 1313 est,
643 1261 681 1301 ne
695 1237 785 1320 magis
799 1240 971 1321 potientium
984 1241 1139 1312 lectorum,
1158 1259 1247 1320 quom
1262 1261 1328 1302 nos·

225 1343 311 1422 ¹trum
325 1335 504 1415 diligentiam
517 1357 658 1399 exercere
676 1340 836 1399 videamur.
878 1339 968 1400 Certe
989 1337 1086 1397 omnio
1106 1337 1255 1418 exemplu,
1275 1359 1327 1399 ex·

235 1436 332 1514 emplo
345 1440 461 1498 sutem?
483 1439 572 1498 immo
586 1438 683 1498 omnia
695 1457 805 1518 genera
814 1437 941 1516 ellipsios
951 1436 1035 1495 nimis
1046 1436 1167 1496 verbose
1178 1431 1325 1516 persequi,

120 1587 125 1594 .
235 1551 295 1592 non
310 1545 355 1593 est
368 1537 571 1596 necessarium.
614 1535 690 1594 Nam
711 1536 741 1593 io
762 1536 895 1596 omnibus
916 1533 1038 1605 ortibus,
1059 1533 1109 1592 ubi
1131 1533 1239 1594 tradita
1258 1545 1327 1594 sunt

235 1635 378 1712 cujusque
392 1637 461 1695 artis
474 1635 651 1706 difficillima,
665 1633 786 1713 reliqua,
800 1634 869 1714 quia
882 1645 933 1693 aut
945 1631 1076 1692 faciliora
1089 1645 1168 1706 sunt,
1182 1645 1233 1694 sut
1248 1635 1326 1694 simi·

233 1726 283 1800 lio,
305 1732 378 1790 tradi
395 1752 452 1792 uon
468 1749 586 1792 necesse
598 1743 651 1790 est.
693 1731 799 1809 Neque
814 1731 871 1790 buc
885 1749 1012 1810 unquam
1027 1731 1158 1791 evenisse
1172 1731 1275 1810 gnavis
1296 1743 1327 1791 et
1414 1797 1415 1804 χ

232 1821 383 1888 industriis
397 1830 556 1908 pictoribus
570 1840 622 1888 aut
634 1827 829 1906 sculptoribus
844 1827 983 1888 credibile
997 1839 1051 1901 est,
1074 1840 1117 1901 ut,
1139 1847 1229 1906 quum
1250 1827 1324 1888 mul-
1414 1817 1415 1830 ¹

233 1934 329 1984 tarum
357 1927 515 1988 formarum
535 1926 737 1987 similitudines
758 1927 924 2006 exprimere
945 1925 1150 2004 magistrorum
1170 1926 1326 2014 preceptis

232 2034 266 2080 et
280 2023 420 2102 exemplis
431 2024 523 2102 edJ'uti
537 2024 716 2094 didicissent,
731 2043 789 2102 quo
803 2024 899 2082 minus
914 2023 1002 2084 etiam
1016 2023 1087 2083 olias
1099 2024 1208 2084 formes
1221 2025 1324 2103 pinge·

232 2129 300 2176 rent
313 2131 364 2178 eut
377 2121 555 2200 sculperent,
569 2121 681 2180 etiamsi
695 2139 754 2178 non
768 2120 948 2192 didicissent,
963 2139 1017 2180 sua
1029 2121 1174 2199 imperitis
1186 2121 1323 2200 probibe-
1414 2171 1415 2204 q

231 2225 342 2273 rentur.
384 2217 443 2284 Qui
465 2218 620 2296 scriptores
640 2231 753 2278 veteres
772 2219 832 2276 suis
853 2218 1101 2278 observationibus
1120 2217 1280 2280 illustratos
1293 2241 1323 2280 e·
1414 2207 1415 2210 ¹

233 2312 318 2384 dunt,
332 2325 384 2374 sut
399 2316 580 2375 cumulandis
593 2315 648 2375 illis
662 2315 911 2376 observationibus
924 2328 1059 2396 percunt,
1077 2337 1199 2396 quarum
1213 2319 1321 2382 similes

229 2412 291 2490 jam
312 2424 380 2472 ante
401 2413 573 2485 attulerunt,
595 2426 646 2473 aut
666 2414 896 2493 indignationem
918 2413 1070 2475 doctorum
1088 2415 1118 2473 in
1131 2435 1163 2474 se
1177 2415 1322 2488 derivant,

232 2509 282 2568 nbi
307 2510 352 2570 vel
380 2512 491 2571 centies
510 2511 591 2570 dicto
614 2523 762 2591 repetunt,
790 2512 837 2572 vel
858 2511 961 2570 similis
981 2511 1140 2572 identidem
1161 2512 1321 2575 inculcent.

231 2605 379 2686 Namque,
394 2619 425 2668 ut
439 2608 496 2667 hoc
511 2620 586 2680 utar,
600 2610 624 2667 si
638 2609 702 2689 quis
716 2629 763 2669 me
777 2609 889 2681 docuit,
903 2615 987 2677 mie
1002 2610 1170 2670 adverbium
1184 2630 1239 2689 pro
1253 2613 1320 2674 loco

231 2715 346 2764 mutare
361 2705 568 2784 significatum,
590 2717 621 2766 et
639 2727 814 2787 quamquam
828 2707 990 2786 generatim
1004 2706 1077 2766 mole
1090 2706 1221 2782 denotat,
1242 2729 1321 2790 saepe

231 2811 329 2862 temen
344 2813 456 2880 partem
471 2803 611 2862 malorum
626 2803 766 2875 indicare,
781 2803 943 2882 etquidem
958 2824 1022 2864 eam
1036 2816 1159 2884 putem,
1172 2825 1238 2885 quae
1249 2827 1319 2866 con·
1415 2823 1416 2840 ¹

230 2901 311 2960 venit
324 2901 377 2973 rei,
396 2901 436 2960 de
450 2922 508 2981 qua
520 2922 616 2962 sermo
637 2915 695 2971 est;
715 2902 851 2982 ideoque,
872 2915 959 2982 prout
978 2909 1062 2970 ιιιῦς
1083 2903 1181 2964 vivere
1201 2903 1319 2979 dicitur,

230 2997 276 3056 vel
286 3010 443 3069 scortator,
464 3010 496 3059 et
507 2999 585 3071 leno,
600 2999 646 3058 vel
661 3019 773 3072 avarus,
787 3000 831 3060 vel
847 3000 941 3080 inops,
959 3001 1001 3060 ita
1016 3021 1078 3062 csse
1099 3002 1145 3062 vel
1165 3002 1320 3066 libidinose

231 3106 261 3155 et
276 3096 399 3175 impure,
420 3097 466 3156 vel
480 3097 595 3158 sordide
615 3108 645 3157 et
665 3117 760 3169 avare,
779 3098 827 3158 sel
848 3097 974 3178 denique
995 3101 1121 3173 exiliter,
1142 3101 1319 3182 minimeque

230 3189 310 3254 laute
324 3195 433 3255 uivere:
455 3195 479 3254 si
494 3197 557 3276 quis
572 3196 661 3276 igitur
676 3197 740 3256 haec
755 3216 801 3256 me
816 3195 926 3269 docuit,
941 3196 1052 3256 civitio
1067 3218 1122 3276 ego
1131 3198 1249 3278 quidem
1260 3220 1321 3260 nou

229 3289 372 3365 dederim,
393 3294 416 3352 si
438 3294 561 3354 eandem
583 3297 816 3356 observationem
837 3307 970 3375 repetere
990 3295 1078 3375 paulo
1099 3309 1165 3376 post
1180 3297 1321 3376 negliget,

230 3390 281 3448 ubi
295 3411 322 3448 v.
339 3410 365 3450 c.
382 3391 464 3452 miles
477 3393 585 3454 dicitur
599 3393 671 3454 male
686 3394 753 3454 loco
774 3394 891 3466 cedere,
910 3404 963 3452 aut
983 3403 1096 3472 emptor
1116 3393 1227 3474 aliquid
1246 3395 1320 3456 male

229 3485 383 3548 redimere.
426 3489 502 3548 Nam
516 3489 686 3563 similitudo,
700 3511 766 3570 quae
781 3490 857 3550 inter
871 3491 922 3550 has
935 3502 966 3550 et
979 3491 1142 3569 superiores
1155 3489 1320 3552 locutiones

228 3585 397 3660 intercedit,
412 3598 510 3666 potest
524 3589 682 3668 quemlibet
695 3609 757 3648 non
772 3608 890 3668 prorsus
904 3589 1018 3650 hebetis
1031 3588 1140 3668 ingenii
1149 3589 1319 3663 admonere,

228 3701 319 3760 quum
333 3685 415 3744 miles
429 3685 624 3746 maledicitur
638 3687 704 3746 loco
719 3686 836 3758 cedere,
852 3685 1001 3764 tumpmole
1011 3705 1074 3746 csse
1085 3687 1205 3767 ignaru
1228 3706 1320 3766 quum

227 3792 344 3858 emptor
358 3781 431 3841 mole
444 3781 587 3842 redimere
602 3783 722 3862 aliquid,
745 3782 818 3842 male
832 3803 894 3843 esse
909 3785 993 3844 eineis
1008 3805 1111 3864 magno
1126 3785 1231 3866 prelio.
1273 3785 1320 3846 Si·

226 3877 334 3939 militer
348 3880 472 3940 arbitror
486 3881 516 3938 in
530 3881 586 3940 bec
607 3881 752 3960 ellipsium
774 3881 918 3953 doctrina,
938 3882 990 3960 qui
1011 3881 1090 3940 bunc
1109 3881 1238 3942 libellum
1260 3902 1321 3942 non

224 3977 443 4057 perfunctorie,
456 3981 508 4039 sed
523 3999 558 4040 es
572 3999 644 4040 curo
666 3991 697 4040 et
718 3980 830 4040 ratione
851 3980 1019 4059 perlegerit,
1046 3995 1079 4040 ut
1100 3983 1234 4060 magnam
1256 3984 1320 4060 ejus

225 4089 337 4156 partem
352 4078 434 4157 quasi
448 4078 544 4136 animo
560 4077 790 4156 comprehendat
805 4089 836 4135 et
850 4077 939 4135 veluti
954 4077 1084 4150 imbibet,
1106 4097 1173 4138 eum
1192 4079 1229 4138 de
1242 4099 1318 4158 pree·

223 4177 364 4235 termissis
378 4177 483 4236 ceteris
497 4176 545 4236 vel
565 4175 721 4255 generibus
741 4175 789 4235 vel
810 4174 952 4254 exemplis
973 4176 1115 4255 ellipsium
1138 4197 1196 4236 non
1217 4179 1318 4252 anxie,

222 4273 294 4356 quid
307 4255 495 4335 statuendum
509 4274 557 4348 sit,
572 4273 763 4355 quesiturum
778 4291 852 4334 esse.
896 4275 971 4342 Qun
985 4274 1063 4336 enim
1077 4275 1191 4354 ellipses
1205 4275 1320 4338 tundite
