2844 4888
227 197 269 238 xx
568 185 795 246 PRAEFATIO
817 185 1030 248 Lmsrtettt.

234 347 351 408 zouium
365 349 405 408 ad
417 349 527 412 AElian.
542 353 579 413 V.
593 355 637 416 H.
652 355 692 414 Χ.
703 361 754 416 21.
767 357 901 417 densium
915 357 1039 418 Lucian.
1054 357 1141 418 Lect-
1155 357 1182 416 l.
1192 361 1221 418 8.
1235 377 1264 436 p.
1279 362 1338 420 86.

236 469 278 527 aq.
293 460 324 508 et
337 449 395 508 111.
409 456 439 513 6.
453 473 482 532 p.
498 459 568 516 stt.
583 456 659 516 etin
672 456 789 536 epistol.
809 457 848 518 ud
862 459 960 518 Grrev.
983 459 1069 518 Lect.
1084 459 1159 518 Luc
1175 458 1341 536 subjuncta

235 565 265 624 p.
282 551 354 606 411.

276 644 366 711 Quod
380 645 405 706 si
419 648 486 727 quis
502 649 541 710 de
563 652 670 712 ceteris
691 652 778 713 etiem
793 653 942 732 ellipsibus
955 655 993 714 ad
1011 653 1181 714 communis
1199 653 1341 732 quaedam

233 763 344 822 genem
352 747 524 808 revocandia
538 751 696 830 cogitaret,
708 752 898 813 innumerum
909 752 1054 832 ellipsium
1063 753 1270 812 discendarum
1280 754 1339 812 mi·

235 853 351 915 flueret·
366 846 573 928 memoriaque
586 849 761 912 discentium
777 852 955 924 consuleret,
977 851 1071 930 iisqne
1091 851 1151 912 hoc
1169 851 1340 932 prodanet,

237 951 283 1011 ¹⁸12
296 959 389 1018 quum
397 963 507 1024 puucaa
521 945 637 1028 ellipaes
650 949 831 1023 didicissent,
845 949 985 1030 plurimae
999 961 1097 1010 tamen
1110 950 1230 1009 scirent.
1273 951 1346 1008 Ac·

238 1037 347 1101 cedant
360 1041 451 1120 igitur
464 1043 502 1102 ad
515 1044 674 1106 lectionem
688 1047 775 1126 hujus
789 1046 878 1106 libelli
886 1047 983 1125 aliqua
997 1067 1101 1127 grtecae
1110 1047 1219 1128 lingue
1231 1047 1343 1107 notitia

240 1137 327 1198 tincti
342 1149 372 1199 et
386 1139 547 1202 lectionem
561 1147 624 1222 ejus
639 1165 707 1204 cum
723 1144 851 1224 ipsorum
865 1163 1027 1222 grecorum
1041 1156 1195 1206 auctorum
1208 1145 1344 1206 lectione

242 1241 435 1318 conjungent,
449 1240 606 1322 simulque,
618 1263 685 1323 quar
699 1244 737 1303 de
750 1241 939 1306 similitudine
959 1242 1103 1323 ellipaium
1123 1243 1344 1304 admonuimus,

241 1345 311 1396 ente
325 1337 427 1398 oculos
441 1339 497 1400 albi
511 1352 635 1420 ponant.
676 1341 735 1408 Qui
749 1341 792 1400 ite
804 1341 862 1401 hoc
876 1341 975 1400 libello
990 1351 1120 1414 utentur,
1134 1341 1176 1400 illi
1190 1361 1250 1402 non
1262 1341 1342 1400 rnul-
1406 1400 1407 1428 ,

243 1443 307 1492 tum
321 1435 532 1499 desiderabunt
553 1439 651 1499 omnia
669 1439 798 1519 ellipsim
812 1450 863 1499 eut
886 1457 995 1518 genera
1018 1451 1070 1500 aut
1083 1441 1228 1519 exemplu.
1271 1439 1344 1500 Alis

242 1532 318 1592 ratio
332 1553 433 1594 eorum
448 1548 504 1608 eet,
519 1535 571 1616 qui
584 1537 752 1616 hujusmodi
763 1536 867 1598 libellis
881 1547 1019 1617 tanquam
1040 1538 1143 1600 lexicis
1162 1538 1267 1600 volunt
1287 1539 1344 1600 uti.

244 1633 314 1696 Hoa
327 1634 472 1714 indignari
486 1636 584 1708 toties,
596 1656 654 1696 non
666 1647 711 1696 cat
724 1635 840 1708 mirum,
852 1637 966 1716 quoties
981 1636 1011 1696 in
1025 1637 1185 1717 ellipticum
1198 1637 1343 1716 loquendi

243 1751 338 1810 genus
351 1733 381 1792 in
394 1734 538 1813 scriptore
552 1735 650 1812 aliquo
664 1734 782 1794 obvium
802 1733 947 1807 incidunt,
969 1735 1006 1794 de
1020 1754 1078 1814 quo
1092 1735 1141 1796 bic
1154 1735 1227 1794 nibil
1247 1755 1343 1815 expo-

243 1828 332 1888 situm
346 1843 402 1890 eat.
445 1830 506 1889 Sed
520 1843 638 1908 quantoe
651 1831 736 1892 molis
749 1832 898 1892 volumina
907 1832 1098 1912 procudenda
1117 1845 1226 1904 essent,
1247 1833 1273 1892 ai
1287 1833 1343 1892 bo·

244 1943 310 1982 rum
323 1927 398 1986 votis
407 1927 592 1986 satisfactum
601 1935 789 2008 cuperemus!
805 1929 937 1989 Libellus
951 1930 1000 1990 bic
1008 1931 1198 1991 informandae
1211 1931 1250 1989 ad
1263 1949 1342 2010 gre·

247 2041 312 2084 eam
326 2027 502 2105 elegantiam
513 2027 661 2105 juventuti
668 2028 796 2107 ¹ocriptutr
809 2038 866 2100 eat,
881 2032 964 2108 cujus
977 2029 1094 2108 generis
1107 2027 1197 2088 libelli
1211 2039 1244 2087 ut
1255 2039 1345 2090 extra

192 2146 195 2154 ⁴
245 2135 385 2203 angustos
395 2124 535 2183 terminos
545 2136 717 2202 evagentur,
729 2140 788 2183 nou
799 2134 844 2184 est
853 2125 1021 2184 conditione
1033 2125 1091 2183 ulla
1100 2123 1344 2204 permittendum.

288 2223 349 2282 Sed
362 2222 402 2284 ed
415 2221 468 2282 bue
482 2239 594 2294 causea,
616 2224 806 2303 quemobrem
819 2223 858 2283 de
871 2223 929 2282 hoc
942 2221 1016 2282 libro
1031 2222 1115 2282 nimia
1129 2223 1265 2301 eugendo
1281 2241 1343 2282 non
1400 2267 1405 2280 .

246 2339 425 2400 magnopere
439 2321 613 2394 laborarem,
632 2320 748 2380 accedit
761 2331 793 2379 et
813 2319 880 2392 alla,
901 2331 932 2380 et
945 2319 1065 2399 quidem
1077 2319 1235 2399 precipua,
1257 2321 1289 2378 in
1303 2339 1342 2380 eo

246 2420 352 2500 positu,
367 2418 457 2499 quod,
472 2438 541 2478 cum
553 2419 631 2478 viros
644 2437 693 2478 me
706 2420 795 2498 longe
808 2418 956 2478 doctiores
970 2417 1249 2489 animadvertissem,
1270 2437 1343 2480 cum
1407 2471 1408 2478 ,

246 2518 300 2580 sibi
315 2518 431 2597 ellipaee
445 2517 555 2578 eruisse
573 2518 754 2593 viderentur,
776 2517 923 2578 interdurn
945 2515 1098 2576 offendisse
1112 2527 1141 2574 et
1155 2514 1252 2594 lapsos
1265 2533 1344 2589 esse,
1407 2503 1408 2510 ἵ

246 2615 316 2676 milri
330 2617 520 2677 vehementer
534 2618 697 2678 cavendum
719 2628 864 2696 putarem,
885 2635 923 2674 ne
944 2613 1028 2672 nimia
1042 2611 1196 2674 ambitioso
1211 2613 1345 2694 undique

248 2715 363 2794 ellipsea
378 2715 557 2795 congerendi
571 2715 670 2775 studio
684 2713 768 2774 fictas
781 2713 897 2792 ellipaes
910 2731 964 2790 pro
978 2711 1054 2772 veris
1066 2709 1222 2772 adferrem
1252 2711 1344 2784 Nam,

249 2813 328 2893 quod
347 2813 402 2874 illis
423 2813 542 2886 accidit,
564 2813 614 2892 qui
634 2812 799 2893 proverbia,
820 2811 871 2891 qui
891 2811 965 2870 ritus
985 2821 1016 2870 et
1037 2809 1188 2888 opiniones
1209 2821 1345 2872 veterum

248 2909 363 2991 aliaque
377 2911 408 2969 id
421 2931 515 2990 genus
529 2911 723 2990 collegerunt,
745 2921 778 2968 ut
791 2927 869 2987 saepe
884 2907 1003 2967 modum
1025 2905 1215 2980 excederent,
1237 2908 1345 2968 nimio·

249 3026 307 3087 que
321 3007 429 3081 studio,
450 3009 530 3088 quod
545 3007 725 3088 querebant,
747 3005 856 3085 ubique
870 3003 1048 3076 inveniendi,
1068 3023 1128 3064 non
1141 3023 1210 3064 rsro
1223 3005 1345 3084 decipe-

249 3117 362 3178 rentur,
377 3123 413 3165 ac
425 3105 611 3187 deciperent;
624 3105 703 3164 idem
716 3123 755 3162 ne
767 3101 840 3162 mibi
854 3121 971 3181 quoqne
985 3121 1040 3162 usu
1053 3102 1177 3175 veniret,
1190 3103 1345 3179 timebam,

249 3203 274 3262 si
288 3203 359 3262 nihil
374 3204 521 3284 antiquius
534 3203 680 3275 habuisse,
694 3201 825 3280 nihilque
839 3212 899 3261 tem
912 3199 1051 3260 metuisse
1065 3198 1188 3270 viderer,
1204 3221 1293 3280 quam
1304 3222 1345 3264 ne

249 3301 324 3362 liber
337 3303 386 3364 hic
400 3305 484 3364 nimis
496 3302 593 3363 brevia
607 3313 694 3362 easet.
735 3299 861 3380 Ellipsea
874 3311 973 3361 eutem
986 3299 1070 3360 fictas
1083 3317 1169 3372 voco,
1183 3319 1275 3378 quum
1291 3321 1345 3362 vo·

250 3401 355 3462 cabula
368 3400 507 3461 dicuntur
520 3402 626 3461 omisae
639 3419 714 3472 eece,
734 3419 801 3479 quae
814 3399 852 3460 ad
865 3399 981 3478 plenem
995 3398 1168 3470 orationem,
1182 3417 1347 3480 senatuque

250 3496 448 3578 integritatem
463 3517 521 3558 non
535 3509 603 3558 aunt
616 3497 791 3560 necessaria.
832 3495 920 3557 Talea
934 3495 1018 3557 fictas
1031 3495 1147 3576 ellipsea
1167 3515 1228 3556 non
1247 3498 1346 3558 solum

251 3596 299 3658 atii
314 3595 394 3656 docti
408 3595 460 3656 viri
474 3615 527 3676 pro
541 3595 615 3656 veris
636 3608 667 3656 et
685 3595 820 3676 genuinis
839 3593 994 3656 interdum
1008 3595 1185 3666 babuerunt,
1206 3595 1260 3656 sed
1280 3595 1345 3676 ipse

251 3695 338 3754 etiem
353 3697 456 3756 Lamb.
472 3695 541 3769 Boe,
556 3695 586 3754 id
600 3697 680 3775 quod
693 3715 773 3758 nunc
787 3694 929 3775 exemplis
942 3693 1115 3774 quibusdam
1128 3695 1270 3774 probabo.

200 3813 203 3818 ·
293 3795 463 3874 Antequam
476 3795 520 3854 vir
534 3794 719 3856 doctissimus
732 3796 810 3856 Lud.
825 3797 972 3856 Kuaterus
982 3795 1114 3856 libellum
1131 3796 1283 3876 egregitur]
1304 3797 1345 3859 de

252 3913 321 3953 vero
335 3913 389 3952 usu
403 3895 558 3954 verborum
572 3893 733 3956 mediorum
748 3895 827 3974 opud
841 3895 963 3954 Graecos
976 3893 1089 3965 ederet,
1110 3913 1188 3973 saepe
1206 3895 1345 3974 contigit,

251 4003 286 4051 ut
298 3989 352 4049 viri
368 4001 467 4052 cetera
486 3992 594 4072 linguae
614 4001 719 4073 grance
739 3995 904 4073 peritissimi
924 3993 982 4052 vim
1002 3993 1158 4054 verborum
1179 3994 1345 4054 mediorum

250 4107 311 4149 non
325 4090 394 4150 sutis
407 4091 680 4152 animadverterent.
724 4093 761 4152 ld
775 4093 855 4172 quod
868 4111 922 4151 suo
942 4091 1030 4152 ctiam
1052 4093 1189 4172 exemplo
1209 4093 1346 4154 doetissi-

252 4209 317 4250 rnua
329 4199 433 4249 auctor
446 4201 545 4250 noster
558 4191 649 4250 semel
663 4188 827 4268 iterumque
846 4188 1027 4268 comprobat.
1070 4189 1129 4250 Ubi
1150 4189 1233 4250 verbi
1254 4209 1346 4252 ceuaa

252 4285 313 4366 agit
327 4285 365 4348 de
378 4285 471 4367 ellipai
484 4287 733 4368 prepositorum,
746 4286 802 4347 aub
815 4294 872 4350 alul
892 4285 923 4348 in
942 4285 1105 4350 locutioner
1126 4288 1273 4368 emmiu
1292 4316 1345 4350 aa·
